2614 4594
1005 333 1063 396 att

128 471 198 541 Sed
228 470 261 538 in
290 493 327 540 re
358 472 477 542 critica
494 473 759 568 Evangeliorum
782 475 867 546 nihil
889 479 1061 572 antiquius

9 611 10 614 =
66 573 180 641 habeo
199 569 435 664 Evangeliario
461 572 616 641 vaticano
639 574 856 664 interpretem
872 577 994 668 Syrum
1012 581 1064 648 hi-

66 670 375 756 ercsolymitanum
406 671 619 761 continente,
652 675 743 764 quod
774 682 815 745 ab
839 677 975 746 Aaron
1002 699 1064 747 en-

66 785 227 860 cerptum
256 783 308 847 est
336 769 371 838 in
398 768 484 838 libro
516 770 570 839 cui
597 771 731 842 titulus:
764 797 798 842 n.
822 775 861 846 T.
890 777 1063 848 versiones

68 870 222 954 Syriacae
246 867 675 958 simplex,philoxeniana
696 883 730 940 et
752 871 1064 964 hierosolymitana,

67 967 203 1036 Hasniae
227 971 372 1042 17891.
415 964 583 1036 Neutram
605 980 698 1037 certo
721 971 864 1040 classem
885 993 948 1041 seu
968 973 1065 1042 lami·

68 1065 151 1135 liarn
174 1064 331 1146 codicum
353 1065 507 1154 sequitur
527 1065 555 1135 is
574 1067 760 1157 interpres,
783 1091 893 1159 neque
913 1091 958 1138 ex
973 1084 1065 1141 utra·

67 1187 137 1256 que
160 1164 288 1234 mixtus
311 1162 498 1232 existimari
518 1177 654 1256 potest,
676 1178 714 1235 ut
734 1167 905 1258 antiquior
926 1169 1064 1246 omnino

68 1263 240 1334 classibus
263 1262 517 1334 dissidentibus.
555 1262 644 1332 Nam
660 1263 748 1335 ultra
764 1267 977 1360 septuaginta
995 1268 1067 1338 sin-

73 1362 215 1456 gulares
236 1363 400 1432 lectiones
421 1383 499 1430 cum
514 1361 607 1431 nullo
624 1361 701 1432 cdd.
715 1386 897 1455 grecorum
913 1387 1068 1436 commu-

67 1485 133 1532 nes
157 1460 380 1553 deprehendit
402 1461 436 1530 in
459 1482 503 1530 eo
521 1458 668 1531 Adlerus
689 1465 746 1551 (p.
770 1461 860 1544 198).
896 1461 939 1534 In
958 1463 1066 1532 intro-

70 1561 238 1630 ductione
261 1559 303 1628 ad
327 1559 380 1626 lll
406 1558 584 1648 epistolam
606 1559 858 1630 Corinthiacum
881 1583 913 1651 p.
928 1562 970 1634 71
988 1583 1065 1652 sqq.

71 1660 115 1730 de
134 1681 271 1730 summa
286 1658 485 1749 antiquitate
501 1657 601 1742 hujus
617 1656 809 1747 interpretis
825 1658 982 1730 universe
997 1659 1066 1730 dis-

68 1757 285 1848 putavimus,
314 1779 355 1826 ac
382 1771 530 1848 quatuor
561 1756 639 1850 loca
667 1777 713 1824 ex
735 1777 776 1824 eo
800 1756 1010 1828 emendanda
1029 1757 1066 1828 in

69 1855 220 1948 medium
237 1854 472 1944 produximus.
507 1855 584 1924 Jam
599 1875 695 1942 vero,
717 1854 810 1945 quod
825 1853 1066 1945 delibaveram,
1113 1929 1115 1933 ,

69 1954 226 2044 pluribus
240 1955 275 2022 in
290 1955 380 2023 notis
396 1953 538 2042 criticis,
559 1976 632 2044 quae
648 1967 848 2045 sequuntur,
869 1975 1066 2047 persequar.

28 2097 31 2106 -
71 2052 173 2146 Quas
196 2051 225 2120 si
245 2073 338 2142 aequo
360 2048 471 2120 animo
488 2052 776 2140 consideraveris,
799 2075 900 2142 spero
915 2055 1006 2144 fore,
1027 2066 1067 2125 ut

70 2173 186 2220 meam
207 2149 316 2220 doctis
336 2144 543 2228 hententiam
557 2151 710 2240 probem.
745 2150 781 2220 Is
795 2151 962 2242 interpres
977 2175 1066 2224 unus

75 2250 230 2320 omnium
250 2248 407 2338 testium,
430 2261 469 2318 ut
490 2248 543 2319 his
567 2250 731 2340 exemplis
752 2263 841 2341 utar,
862 2253 944 2328 Luc.
957 2259 1010 2340 23,
1025 2252 1067 2320 11
1166 2285 1168 2288 ·

72 2351 180 2417 verba
209 2344 262 2418 eal
285 2349 534 2427 radlia-hrdlne
561 2363 655 2419 recte
676 2351 821 2438 omittit,
851 2373 928 2420 oum
948 2350 1066 2440 paucis

73 2447 149 2518 aliis
178 2468 297 2514 verum
326 2445 465 2516 exhibet
495 2447 618 2521 Mauh.
634 2461 645 2514 1
653 2498 664 2536 ,
681 2456 731 2521 11.
753 2457 850 2536 2,18.
877 2452 976 2539 5,17.
997 2452 1064 2540 6,1

72 2557 107 2636 8,
124 2553 174 2615 13.
190 2551 242 2614 31.
267 2555 317 2632 19,
333 2555 384 2620 29.
405 2553 458 2632 21,
474 2553 514 2617 29
535 2545 618 2614 Luc.
632 2551 664 2637 t,
679 2557 720 2618 28
741 2561 775 2617 et
791 2546 880 2624 alibi.
914 2547 1066 2618 Ubicun-

71 2669 145 2738 que
161 2657 298 2736 peccat,
319 2642 451 2730 scholia
471 2643 676 2732 simpliciora
689 2646 838 2716 maxime
852 2667 872 2714 e
887 2644 973 2714 locis
986 2667 1066 2734 par·
1082 2641 1084 2648 ’

72 2745 183 2818 allelis
211 2747 316 2835 petita
336 2743 496 2834 suscepit.
539 2743 606 2812 Sed
628 2744 766 2814 dubium
787 2755 857 2830 est,
886 2741 994 2832 ipsine
1014 2742 1067 2812 in.-

74 2846 233 2934 terpreti,
258 2867 301 2913 an
322 2840 523 2933 posterioris
545 2842 608 2910 aevi
629 2841 794 2932 exemplis
817 2863 858 2910 ea
872 2841 1067 2932 corruptela

74 2941 255 3012 tribuenda
276 2941 329 3012 sit
366 2941 465 3008 Certe
487 2940 522 3008 in
541 2940 616 3026 ipso
639 2939 878 3032 Evangeliario
900 2939 1067 3010 correcti·

9 3031 14 3042 ’
72 3062 159 3112 ones
183 3038 339 3131 quaedam
360 3037 673 3128 deprehenduntur,
695 3051 729 3106 et
743 3038 858 3128 plures
871 3038 1016 3110 sortasse
1030 3038 1066 3108 in

74 3140 150 3220 ejus
185 3135 370 3228 archetypo
399 3139 577 3208 exstitere:
606 3136 641 3208 id
670 3139 762 3229 quod
789 3137 873 3217 lihno
896 3137 939 3208 ad
963 3159 1068 3206 usum

77 3236 351 3307 ecclesiasticum
374 3236 631 3306 accommodato
650 3237 808 3305 facillime
824 3234 974 3327 contigit
1013 3232 1067 3304 Ita

76 3335 205 3411 Matth.
226 3339 264 3424 6,
286 3339 306 3406 6
332 3335 483 3411 secunda
505 3358 625 3405 manus
648 3343 673 3406 tr
691 3339 736 3423 τῷ
751 3337 864 3433 φανερῷ
890 3355 1068 3423 perperam

76 3434 223 3522 adjecit,
253 3455 282 3503 c.
304 3443 365 3523 21,
385 3437 405 3506 7
436 3433 556 3504 eadem
575 3432 831 3503 translationem
852 3431 1011 3506 Peschito
1033 3443 1069 3502 et

77 3533 254 3603 Persicam
274 3546 392 3604 secuta
414 3534 565 3602 correxit
584 3537 730 3604 oasam
752 3527 800 3602 aa>
819 3527 873 3604 τᾶν
891 3534 1007 3637 recipe,
1036 3552 1067 3603 c.

75 3641 119 3701 22
125 3681 138 3720 ,
155 3637 196 3700 13
215 3634 401 3721 ἰνπνιύμοίῖι
417 3631 512 3722 styla,
537 3643 575 3699 ut
602 3630 637 3698 in
669 3629 802 3700 duobus
824 3627 1066 3722 Evangeliariis

74 3729 200 3820 graecis
222 3743 354 3816 exstat,
385 3732 465 3799 Luc.
483 3733 570 3816 6,12
589 3729 806 3800 ἀποθνήσκω
830 3751 891 3818 pro
917 3724 968 3798 καὶ
993 3719 1068 3800 att»

75 3829 263 3900 ἀπέθνησκεν
286 3828 471 3898 secundum
493 3829 566 3917 Syr.
582 3825 697 3902 Sahid.
719 3838 753 3895 et
775 3825 828 3897 cd.
849 3847 900 3919 gr.
914 3845 949 3911 o,
968 3845 999 3896 c.
1016 3825 1068 3913 16,

77 3933 121 3994 21
144 3926 235 3995 idem
255 3925 538 4014 additamentum,
560 3921 653 4014 quod
674 3936 726 3994 est
740 3923 774 3991 in
791 3921 908 4014 Vulg.,
929 3921 963 3990 in
978 3944 1068 4005 mar-

75 4023 162 4118 gine
181 4023 302 4114 habet,
324 4047 353 4096 c.
370 4027 421 4115 16,
437 4033 477 4095 22
500 4037 534 4094 et
554 4020 633 4095 Joh.
647 4022 679 4114 6,
693 4028 733 4092 58
757 4019 849 4095 addit
868 4019 1015 4112 quedam
1031 4020 1066 4090 in

831 4127 871 4192 29
