2614 4594
263 347 321 412 216
936 361 982 410 an
998 359 1228 411 armamenti

263 518 352 586 saepe
380 483 642 587 confugiendum
672 489 781 580 esset,
799 475 913 582 'atquc
932 486 1049 584 regula
1068 487 1228 580 palmaria,

263 618 337 686 quae
359 594 541 684 scripturas
561 611 605 658 ex
621 587 762 657 internis
779 590 983 682 argumentis
999 590 1171 680 ponderari
1182 591 1229 672 ju-

261 693 339 780 bet,
361 691 565 768 eluderetur.
600 686 730 756 Contra
751 699 883 755 tantum
903 687 995 756 valet
1016 687 1104 758 istud
1121 711 1227 778 piace·
1280 743 1281 754 ,

259 805 377 882 ptum,
407 795 571 880 quantum
606 806 704 855 sacro
738 785 896 876 scriptori
928 784 1091 873 lectiones
1120 785 1148 856 si
1172 809 1227 853 non

259 889 390 980 magis,
419 900 532 955 tamen
558 907 632 956 non
657 883 768 956 minue
794 883 1034 958 convenientes
1057 897 1225 953 serventur.

261 987 342 1055 Non
363 1005 417 1053 mc
440 983 578 1075 quidem
599 982 767 1074 praeterit,
787 979 953 1051 Matthaeo
970 999 1014 1050 ex
1031 980 1153 1050 Olearii
1167 983 1228 1058 (ob·
1280 1011 1281 1062 3

259 1105 347 1155 serr.
368 1103 454 1155 sacr.
473 1081 515 1150 ad
530 1081 592 1148 Ev.
607 1078 731 1154 Matth.
745 1101 779 1170 p.
793 1080 854 1160 30)
869 1080 1035 1150 sententia
1044 1130 1055 1168 ,
1079 1078 1227 1148 Kuinoeiio

259 1193 296 1250 et
309 1180 493 1250 novissimo
510 1179 681 1268 interpreti
696 1177 885 1248 Fritzsohio
901 1180 1046 1257 (Comm.
1070 1179 1103 1246 in
1118 1177 1227 1250 Matth.

259 1303 290 1371 p.
302 1279 361 1362 13)
376 1281 533 1370 probata,
556 1279 604 1346 ita
618 1277 809 1364 subveniri,
823 1290 861 1346 ut
877 1275 1025 1346 Davides
1040 1277 1093 1347 bis
1109 1301 1227 1368 compu-

258 1391 347 1447 tatus
377 1379 520 1469 primum
543 1398 664 1469 agmen
685 1375 837 1465 claudat,
867 1395 908 1445 ac
931 1376 1031 1446 simul
1055 1379 1226 1448 secundun

259 1477 373 1550 ducat.
410 1475 477 1546 Sed
499 1477 556 1568 qui
578 1475 667 1545 hanc
689 1475 883 1570 opinionem
904 1487 1104 1566 sequuntur,
1130 1497 1227 1566 parum

257 1577 505 1664 meminerunt,
531 1571 753 1663 Matthaeum,
780 1585 819 1642 nt
839 1573 1160 1664 quatuordenarium
1178 1599 1227 1642 nu·
1280 1599 1281 1602 ¹

257 1695 390 1742 merum
421 1685 597 1762 servaret,
623 1683 699 1748 v.8
728 1685 797 1743 tres
827 1673 1084 1766 generationes,
1118 1673 1227 1743 scilicet

258 1770 463 1860 Achaeum,
491 1772 633 1842 Joasum
654 1781 690 1841 et
710 1770 904 1859 Amasiam,
931 1770 1067 1840 silentio
1092 1771 1227 1841 transm-

137 1899 142 1904 ·
257 1870 364 1950 sissez
400 1891 445 1939 ex
478 1871 599 1960 quibus
630 1891 737 1940 unum
767 1870 879 1962 potius
910 1870 1112 1963 retinuisse,
1144 1883 1227 1960 quam
1280 1903 1281 1940 1

256 1989 362 2037 unum
376 1965 540 2038 Davidem
560 1971 612 2039 bis
626 1989 822 2038 numerasse
839 1967 1005 2059 putandus
1022 1981 1089 2044 est.
1126 1972 1226 2038 Cetera

256 2065 411 2156 pericula
428 2066 556 2134 nodum
572 2065 760 2135 extricandi
775 2091 875 2158 quam
893 2068 1004 2138 inania
1019 2069 1110 2156 sint,
1131 2067 1226 2134 videre
1280 2063 1281 2090 ¹

257 2163 338 2233 licet
360 2165 448 2256 apud
468 2164 694 2234 Fritzsehium
715 2164 738 2237 l.
759 2187 790 2240 o.
827 2166 1061 2249 Objectionem
1087 2165 1226 2235 Griesba-

257 2263 325 2333 chii
345 2263 380 2331 in
402 2265 592 2338 Comment.
614 2285 662 2338 or.
682 2286 715 2354 p.
735 2271 772 2333 11
797 2265 838 2334 ab
862 2266 1064 2335 auctoritate
1089 2263 1227 2334 codicum
1280 2297 1281 2344 t

257 2362 359 2453 longe
386 2363 607 2452 plurimorum
633 2361 698 2430 ista
722 2365 825 2433 verba
851 2364 1082 2456 ignorantium
1107 2361 1227 2462 petitam

256 2460 474 2550 parvifacio.
510 2460 621 2552 Quem
644 2461 732 2530 enim
753 2460 853 2553 latet,
880 2461 992 2553 piures
1015 2464 1119 2534 etiam
1139 2463 1226 2532 libros

256 2555 424 2627 interdum
459 2579 561 2650 quam
591 2571 708 2628 nostro
736 2558 814 2630 loeo
841 2562 876 2644 in
908 2584 1022 2631 errore
1051 2564 1225 2632 inveterato

256 2657 475 2746 conspirare?
499 2657 777 2748 Griesbaohium,
798 2658 857 2751 qui
879 2658 1228 2754 c.1⁰‚8longepluri·

254 2777 330 2824 mos
354 2755 428 2827 odd.
451 2755 586 2855 aucupii<
603 2755 646 2826 ad
662 2757 776 2860 mapa}
791 2758 1007 2828 transiliendo
1023 2763 1130 2829 verba
1142 2755 1226 2856 vespis

253 2854 369 2953 ipelpde
383 2876 402 2920 a
418 2856 632 2944 paucioribus
648 2869 784 2926 servata
798 2855 885 2924 maie
897 2859 1051 2927 omisisse
1066 2860 1151 2930 scite
1165 2880 1228 2926 cun
1280 2851 1281 2940 i

256 2948 416 3040 Bengelio
428 2951 595 3030 judicavit
601 2969 615 3040 ,’
634 2955 780 3024 eundem
798 2953 854 3023 hic
875 2953 992 3024 eadem
1016 2959 1169 3047 equitate
1188 2953 1226 3022 ud
1280 2943 1281 3028 i

257 3047 379 3122 decuit.
420 3050 500 3118 Non
527 3053 637 3122 minus
660 3052 742 3128 Luc.
758 3063 791 3142 9,
806 3059 848 3123 55
865 3076 918 3145 sq.
940 3055 1135 3144 complures
1156 3052 1227 3124 anti·
1280 3111 1281 3142 p

254 3150 408 3240 quissimi
431 3149 506 3218 cdd.
532 3151 673 3220 eandem
694 3153 737 3221 ob
759 3174 897 3222 oausam
913 3176 1046 3222 comma
1062 3149 1226 3245 pretermi-

255 3262 384 3319 serunt.
428 3248 611 3318 Omittendi
643 3263 760 3319 nostro
788 3250 865 3320 looo
894 3271 934 3320 oo
963 3255 1072 3345 magis
1104 3248 1226 3321 occasio

255 3345 333 3412 data
356 3359 426 3434 est,
446 3347 476 3416 si
499 3371 578 3418 cum
597 3348 770 3418 Kuinoelio
794 3362 828 3417 et
847 3350 1036 3420 Fritzschio
1059 3346 1225 3420 Commio

252 3442 379 3518 Matth.
395 3467 428 3533 p.
444 3455 485 3518 20
507 3449 608 3517 verba
630 3444 683 3517 aad
698 3445 753 3526 ede
768 3445 897 3532 &aaut
913 3450 991 3524 adi-i
1011 3472 1072 3538 pro
1092 3445 1224 3517 insititiis

252 3541 451 3617 habeamus.
480 3545 650 3613 Jechoniae
671 3545 759 3613 enim
782 3546 881 3635 nulii,
904 3547 965 3616 sed
985 3548 1145 3628 Jojakimi
1166 3559 1223 3612 tres

252 3653 474 3710 recensentur
494 3641 615 3712 fratres
639 3652 655 3712 1
673 3644 798 3712 Obron·
816 3653 848 3731 3,
865 3651 905 3715 15
913 3695 924 3733 ,
952 3667 1097 3736 quornm
1119 3641 1225 3712 menti·
1280 3647 1281 3734 t

214 3835 217 3840 Ι
254 3759 318 3806 one
341 3762 360 3807 a
382 3739 566 3810 scholiasta
579 3753 656 3829 post
671 3740 723 3814 eia
738 3737 871 3834 ’luaaeip
887 3745 975 3811 inter
989 3743 1093 3811 lineas
1111 3749 1222 3822 assuta,
1280 3741 1281 3814 1

251 3837 351 3904 facile
365 3839 468 3906 verba
478 3837 566 3906 infra
577 3838 702 3928 scripta
715 3843 993 3911 extrudebantur.
1023 3843 1043 3909 J
1047 3865 1100 3910 am
1115 3857 1224 3930 queso,
1280 3875 1281 3920 3

251 3948 512 4026 utrumcumque
528 3933 624 4023 veiis,
638 3935 758 4030 eligas:
779 3941 808 4010 si
821 3941 957 4008 XXXII
969 3939 1045 4008 cdd.
1056 3959 1179 4031 graecos
1190 3951 1222 4002 ao
1280 3951 1281 3960 ¹

250 4035 566 4130 praestantissimum
588 4036 708 4124 Syrum
728 4037 856 4130 hieros.
875 4039 1093 4127 probaveris,
1124 4034 1220 4109 omnia
