2614 4594
249 167 256 204 1
1282 152 1283 226 1

235 293 297 362 152
916 315 1234 373 nutv-munau

298 443 401 526 1127.
431 441 536 536 Quod
561 453 642 534 post
666 443 790 532 populu
813 444 851 514 in
870 444 993 517 eodem
1011 444 1114 539 Sym
1135 448 1235 538 bion,
1283 456 1284 496 1

235 545 399 616 Anueuo.
410 555 446 614 et
465 541 543 616 odd.
555 565 609 636 gr.
625 546 674 612 13.
690 548 742 612 33.
759 547 870 624 taret
886 543 929 616 al.
950 544 1091 619 additur
1113 550 1236 650 «pltea,

235 643 341 734 probe
362 641 553 728 notandum
574 655 646 731 est,
668 642 887 734 quoniamtd
906 647 1115 717 censoribus
1132 650 1235 740 magis

236 762 547 834 supervacaneum,
566 763 668 834 quam
682 755 720 812 ut
734 741 921 813 adderetur
933 745 1178 830 necessarium
1191 749 1237 816 ri·

236 842 309 916 deri
330 842 510 935 oportuit·
535 842 877 943 Sohulziuanquidepr
898 865 927 914 o.
943 851 976 932 2,
992 851 1035 926 1ο
1056 867 1237 936 eompara-

237 940 390 1034 vit;·sed
411 963 490 1020 outo
510 939 599 1042 iuter
620 941 714 1015 huno
734 958 771 1015 et
784 967 848 1027 noa
907 969 942 1014 m
955 943 1078 1016 looum
1096 946 1236 1018 multum

236 1038 388 1128 intersit,
409 1062 530 1110 vereor
537 1090 557 1130 ‚.
571 1055 611 1112 ut
629 1039 688 1114 ille
707 1056 802 1116 recto
825 1036 880 1114 ool
894 1057 969 1114 atus
991 1046 1049 1116 ait.

299 1161 333 1212 v.
348 1147 400 1213 29.
430 1133 540 1234 Sprnp
550 1139 640 1212 hier.
657 1164 735 1242 oum
750 1155 883 1217 tanturn
899 1167 968 1213 non
986 1144 1153 1216 omnibus
1169 1146 1235 1216 intt.

234 1233 423 1330 Eusebius,
446 1242 720 1337 Augustinuslet
739 1241 837 1314 bonae
858 1254 945 1311 notae
967 1239 1046 1312 odd.
1072 1267 1133 1316 aa
1157 1258 1184 1318 1.
1202 1253 1233 1314 13

237 1341 289 1415 11.
304 1347 357 1414 21.
371 1347 421 1410 22.
437 1347 489 1416 or.
504 1333 579 1418 rso.
595 1345 666 1419 111.
683 1341 756 1418 276.
769 1339 832 1440 ulo
848 1345 936 1432 'post
958 1345 1162 1442 puppiano
1181 1341 1229 1414 at-

236 1435 322 1509 dunt
342 1433 453 1522 mildo,
476 1439 569 1532 quod
589 1440 642 1512 vel
669 1463 752 1512 casu
774 1437 830 1513 vel
851 1439 995 1514 oonsilio
1018 1438 1130 1536 vulgo
1147 1442 1228 1512 eroi-

237 1535 328 1608 disae
354 1560 460 1629 prope
491 1537 595 1608 fidem
623 1531 775 1610 accedit}
805 1563 907 1642 epau,
935 1537 1228 1632 quiaantiquitus

236 1651 353 1728 assuta
366 1650 446 1708 sunt
459 1639 563 1708 verba
578 1637 631 1710 eal
646 1632 676 1713 oi
688 1629 858 1740 oeprre‘sf‘or,
878 1631 1055 1730 quoeiul‘ra
1070 1634 1233 1730 seriptum

238 1723 336 1847 1111131
357 1735 456 1806 faoile
478 1737 512 1805 in
534 1737 757 1808 communem'
771 1739 944 1808 interitum
963 1736 1109 1807 trahere
1123 1746 1233 1827 potue·

234 1847 337 1926 runt3
359 1833 522 1926 oonsilio,
546 1836 625 1927 quia
647 1836 724 1906 looo
739 1859 811 1930 par.
827 1837 938 1907 Malo.
956 1845 988 1924 1,
1001 1843 1045 1906 22
1068 1839 1168 1912 aalide
1180 1839 1235 1908 ab·

237 1947 309 2028 eat,¹
327 1931 384 2005 ubi
401 1946 515 2006 tamen
529 1957 548 2004 e
563 1934 725 2006 Matthaeo
742 1935 879 2028 quidam
894 1937 992 2013 attor
1007 1950 1233 2028 exoeperuut

242 2147 246 2168 ¹
298 2180 330 2226 v.
346 2163 376 2229 ³.
405 2160 527 2236 o'tnrdr
548 2159 581 2230 in
604 2067 886 2228 noncriuililsllibris
904 2157 1141 2250 desideratur,
1162 2180 1232 2249 pro-

236 2239 453 2349 pter¹looum
480 2277 551 2346 par.
572 2237 722 2346 ‘Luo.'5,
746 2263 805 2344 13,
834 2256 893 2325 ubi
921 2253 997 2326 vioe
1030 2279 1141 2328 versa
1162 2257 1233 2327 hino

235 2360 271 2430 in
294 2357 500 2448 quibusdam
530 2361 624 2446 alpor
645 2378 708 2448 pro
730 2357 814 2428 otredo
836 2353 1006 2428 scribitur.
1052 2355 1178 2448 Quare
1198 2357 1234 2426 de

236 2457 381 2528 veritate
402 2455 559 2526 lectionis
581 2470 742 2546 recepta,
770 2480 842 2548 quer
864 2456 1046 2546 utrobique
1071 2457 1234 2530 Griesba·

239 2556 317 2628 ohio
340 2569 501 2648 suspecta
522 2553 714 2643 videbatur,
739 2555 809 2627 noli
832 2554 998 2628 dubitare.

296 2667 378 2739 ,1.8.
408 2658 516 2748 pepp„
538 2654 589 2726 uti
612 2653 747 2730 Grieab.
774 2655 853 2724 loeo
879 2655 970 2741 adpo
993 2674 1013 2722 e
1035 2655 1235 2746 ceteroquin

237 2756 368 2848 idoneis
401 2759 545 2842 testibus
577 2755 638 2839 (in
671 2777 818 2848 quorum
850 2775 993 2822 numero
1025 2773 1107 2826 esse
1138 2754 1234 2824 video

239 2857 339 2928 etiarn
362 2857 417 2932 od.
434 2862 467 2938 1)
490 2854 639 2946 reecpit,
662 2854 744 2924 mihi
767 2851 905 2944 quidem
926 2849 1081 2922 nondum
1105 2863 1237 2924 certum

238 2967 310 3043 eat,
339 2953 432 3046 quod
453 2973 472 3024 e
493 2953 514 3024 l.
537 2977 608 3044 par.
631 2956 712 3026 Luo.
730 2955 763 3042 7,
778 2955 811 3039 7,
833 2951 890 3022 ubi
912 2949 1048 3041 quidam
1073 2950 1158 3028 odd.
1180 2973 1237 3041 per

238 3053 553 3141 compensationem
567 3071 586 3122 e
601 3051 726 3124 Matth.
743 3053 834 3138 adpo
851 3049 1047 3120 correxisse
1061 3048 1234 3134 videntur,

237 3152 336 3236 saolle
365 3151 519 3242 irrepsit3
549 3163 710 3220 monente
734 3151 806 3232 jam
827 3147 972 3224 Wollio.
1016 3148 1137 3240 Quum
1157 3167 1235 3216 vero

238 3249 381 3342 plurima
401 3263 514 3320 errata
535 3271 555 3320 o
577 3248 662 3323 loeis
686 3243 854 3338 parallelis
877 3245 1043 3338 originem
1058 3242 1233 3330 duxerint,

239 3373 285 3442 pae
299 3351 467 3428 leotionea
476 3400 487 3439 ‚
509 3373 580 3442 qun
594 3351 673 3421 inde
687 3344 907 3440 probabiliter
921 3346 1142 3436 petebantur,
1159 3343 1234 3426 jure

238 3465 408 3542 suopeotaa
430 3462 519 3522 suut.
553 3447 759 3518 Conferatur
781 3459 947 3535 praterea
962 3441 1086 3512 modus
1101 3439 1235 3515 dicendi

238 3547 399 3624 Matthaeo
415 3561 599 3620 consuetus
615 3549 706 3632 adpo
721 3549 808 3618 εἰπεῖν
830 3566 860 3620 ο.
874 3550 927 3632 12,
940 3549 994 3617 32.
1014 3543 1068 3630 26,
1082 3545 1138 3631 14,
1159 3541 1236 3616 rim.

238 3652 381 3752 κςιθῖνω
407 3647 497 3734 alon
519 3667 552 3716 (1.
564 3654 626 3736 22,
645 3648 698 3745 46.

264 3811 278 3826 ..
300 3771 333 3823 ν.
348 3755 379 3822 9.
408 3743 469 3819 dol
493 3742 608 3834 ἔξυσίαν
638 3748 748 3836 Sprur
772 3742 861 3814 hier·
888 3739 1032 3831 omittit,
1062 3741 1166 3824 ouius
1185 3738 1232 3807 rei

240 3869 344 3924 oanan
365 3843 471 3924 multo
492 3841 602 3914 minus
618 3855 778 3933 apparet,
800 3863 904 3934 quam
918 3861 1023 3912 causa
1037 3835 1232 3910 intrudendi

239 3946 304 4014 ista
330 3946 432 4014 verba
456 3967 475 4014 o
497 3943 575 4012 loco
598 3964 669 4030 par.
694 3943 775 4014 Luc.
796 3948 828 4027 7,
851 3949 890 4027 8,
919 3963 989 4030 quae
1010 3937 1115 4008 etiam
1138 3935 1234 4028 plene

239 4063 258 4110 a
281 4039 353 4112 eod·
377 4063 395 4114 u
421 4041 554 4135 alioque
582 4051 617 4112 et
641 4040 719 4118 intt.
742 4039 854 4121 latinis
876 4037 944 4114 boo
965 4035 1068 4110 ruodo
1091 4035 1231 4133 repetita
