2608 4582
1029 285 1072 352 tt

81 439 275 529 anissonios
296 439 371 510 vice
386 441 550 528 πλιινιίσιι,
572 436 690 510 20οπ
699 442 736 525 2
741 433 958 506 idett'tw‘
912 461 972 520 μι,
984 435 1082 528 Ephe¹

81 547 120 630 5,
143 548 182 610 13
202 538 339 608 dileco
362 539 440 636 γάρ.
490 547 494 567 “

137 637 285 708 Latina
305 639 485 707 translatio
515 635 643 705 codicis
668 641 727 706 109
751 633 859 702 textui
881 655 991 726 greco
1014 656 1075 704 ana
1172 631 1183 646 ⁸

80 759 194 824 nexa,
216 747 267 806 est
288 735 426 828 quidem
441 733 602 804 editionis
616 731 791 824 Vulgata,
812 731 875 800 sed
889 726 1002 801 tam‘en
1018 755 1076 802 se·

11 847 12 850 ’
81 835 190 904 lectas
206 833 370 924 quasdam
388 835 571 924 scripturas
588 831 691 899 habet
706 829 1074 922 antehieronymianas,

82 931 176 1002 unde
197 932 414 1001 notabiliores
439 929 674 1020 excerpendas
697 929 791 998 duxi.
833 929 1014 999 Nonnulla
1030 929 1074 1001 de

81 1044 190 1102 textu
215 1052 323 1122 groco
351 1030 463 1099 vicino
489 1031 660 1100 assumsit.
703 1028 798 1096 lncst
818 1027 970 1103 nonnihil
991 1031 1074 1120 pra*

82 1130 184 1202 clarae
212 1128 387 1200 lectionis.
419 1127 493 1196 Col.
518 1137 561 1215 2,
579 1131 618 1196 17
648 1134 726 1196 dum
747 1124 906 1196 Peschito
931 1139 967 1195 et
996 1148 1074 1198 cunt

84 1224 240 1318 margine
262 1228 338 1298 libii
361 1227 401 1298 66
423 1226 650 1298 nominativus
666 1223 780 1322 xps-le
800 1223 877 1292 loeo
892 1217 996 1320 xpm-i
1012 1247 1078 1296 ex*

41 1388 43 1392 .
82 1349 227 1416 pressus
249 1337 323 1416 est·
350 1326 453 1394 Hebr.
477 1331 497 1394 t
506 1314 878 1414 ,dimpeditissimum
892 1321 1005 1392 locum
1028 1345 1075 1394 en
1144 1347 1147 1354 ·

11 1443 12 1482 ὲ
82 1447 153 1493 ιιιιο
184 1435 302 1492 nostro
328 1421 414 1492 libro
442 1421 552 1496 latino
579 1419 764 1492 omittendo
793 1418 859 1516 γάρ
885 1420 929 1489 ad
957 1443 1085 1492 sanam.

81 1522 255 1596 rationem
276 1522 452 1612 pervenire
475 1543 579 1612 posse
603 1516 764 1590 arbitror·
785 1541 818 1586 v.
840 1529 912 1586 not.
935 1515 1009 1589 crit.

35 1702 38 1706 ,
99 1621 234 1691 Cum
250 1620 410 1694 Saraceni
432 1617 645 1712 aliquando
635 1615 795 1686 nnsieilia
809 1615 1076 1710 dominarentur,

84 1740 207 1792 eorum
236 1740 348 1790 sermo
375 1719 411 1788 in
440 1717 559 1788 codice
581 1724 649 1788 109
676 1735 863 1804 expressus
891 1721 1082 1808 repetitura

83 1839 197 1906 neque
222 1837 306 1885 vero
330 1828 383 1892 est
403 1817 521 1884 eadem
545 1813 722 1884 translatio
747 1814 915 1902 Arabica,
944 1839 1018 1907 quae
1038 1817 1076 1885 in

86 1912 204 1983 Bibliis
220 1903 413 2003 polyglottis
433 1913 701 1983 Condinensibus
717 1911 992 2003 deprehenditur,
1013 1915 1094 1986 scd,

86 2034 151 2100 prae
166 2011 233 2088 alia
246 2013 350 2082 verba
364 2034 472 2102 graeca
486 2011 639 2102 proxime
651 2025 820 2100 sectatur,
840 2023 879 2081 ut
895 2012 1076 2084 Morellius

83 2109 106 2180 l.
128 2133 157 2179 c.
184 2133 229 2178 ex
250 2131 311 2178 ore
333 2109 484 2178 Matthia
503 2110 685 2202 Norbergii
707 2111 939 2206 Angermanni
958 2113 1075 2182 refert.

142 2209 304 2280 Clausulas
315 2208 391 2278 loco
405 2215 694 2280 reconsecratione
707 2211 876 2280 librorum
889 2231 1077 2280 sacrorum
1088 2289 1091 2296 ,

85 2310 203 2400 paucis
226 2331 435 2378 moneamus.
474 2310 514 2385 ln
537 2331 666 2378 canone
683 2315 722 2380 59
737 2307 860 2400 synodi
874 2307 1078 2378 Laodicena.

86 2431 176 2477 anno
191 2410 252 2478 tot
271 2407 390 2476 habita
405 2408 496 2476 Acta
518 2429 595 2474 eum
619 2406 768 2496 epistolis
792 2405 973 2478 catholicis
995 2430 1078 2498 prae-

86 2506 215 2575 cedunt
237 2507 364 2594 scripta
385 2504 494 2573 Pauli.
536 2505 696 2573 Eundem
718 2498 871 2576 ordinem
893 2509 1078 2576 observant

19 2621 25 2634 ·
87 2625 167 2672 cum
188 2616 320 2671 veteres
343 2602 557 2692 interpretes,
580 2615 652 2673 tum
675 2603 811 2674 codices
833 2606 935 2688 graeci
955 2625 1075 2674 omnes

87 2699 257 2790 hodieque
278 2697 424 2792 cognitij
449 2701 506 2790 qui
527 2703 583 2771 vel
606 2702 775 2792 integrum
797 2727 829 2770 ιι.
852 2704 894 2770 Τ.
917 2701 972 2772 vel
994 2725 1078 2772 cun·

88 2812 161 2868 ctas
197 2796 358 2884 epistolas
392 2800 673 2890 complectuntur.
725 2800 792 2892 Qui
824 2813 904 2896 vero
938 2802 1076 2874 codices

85 2899 177 2968 Acta
205 2909 239 2966 et
267 2896 423 2988 epistolas
452 2899 486 2965 in
521 2897 587 2966 duo
619 2917 763 2988 corpora
792 2901 961 2990 dividunt,
991 2925 1079 2970 nun-

89 2997 308 3088 quaqucta
336 2997 402 3064 und
434 3019 511 3064 cum
540 2997 646 3065 Paulo
677 2991 984 3090 comprehendunt,
1015 2999 1079 3070 sed
1123 3002 1125 3008 ’

87 3097 180 3164 Acta
203 3117 280 3162 cum
303 3093 454 3184 epistolis
479 3094 656 3166 catholicis
681 3121 750 3166 uno
772 3099 964 3185 volumine,
987 3109 1021 3166 et
1043 3097 1078 3166 in

91 3195 199 3272 altero
221 3193 364 3262 Paulum
379 3216 532 3263 seorsum
550 3198 723 3263 continere
739 3195 857 3264 solent.
895 3199 1000 3264 Recte
1016 3195 1080 3288 igi·
1133 3264 1137 3278 ,

87 3305 146 3362 tur
164 3292 205 3361 el.
218 3291 374 3360 Motthaei
389 3291 511 3362 fecisse
527 3292 606 3360 mihi
622 3293 765 3383 videtur,
781 3309 820 3363 ut
836 3317 912 3362 eum
925 3295 1078 3364 ordinem

88 3396 126 3461 in
156 3392 300 3464 editione
331 3417 365 3460 n.
388 3392 427 3458 T.
450 3404 647 3472 revocarem
676 3395 751 3481 plus
782 3395 869 3462 enim
897 3396 1078 3486 consensui

89 3491 241 3560 ecclesiae
269 3491 410 3582 antiquae
432 3514 535 3582 quam
558 3491 739 3560 arbitrariae
760 3494 937 3583 rnutationi
958 3516 1078 3562 recen-

88 3589 217 3658 tiorum
238 3590 462 3658 tribue‘ndnm.
500 3591 592 3680 Saepe
615 3614 755 3658 numero
781 3591 815 3659 in
831 3591 935 3661 literis
948 3592 1078 3660 factum

90 3701 161 3774 est,
188 3699 226 3754 ut
247 3688 357 3776 opinio
377 3711 503 3770 'recens
526 3690 678 3760 instituta
699 3704 752 3759 tot
774 3691 888 3760 socios
903 3703 947 3758 ret
968 3709 1077 3760 cascos
1127 3729 1130 3736 ν

89 3785 238 3855 asseclas
260 3789 445 3876 invenerit,
468 3801 505 3856 ut
521 3787 675 3860 homines
691 3791 837 3880 imperiti
852 3811 986 3877 semper
1003 3811 1077 3858 eam

61 3945 66 3952 .
92 3881 277 3957 obtinuisse
293 3888 359 3959 sibi
371 3887 628 3978 persuaderent
657 3889 849 3982 Benqelt'os
860 3888 1001 4056 puidem
1014 3887 1079 3958 hac
