2616 4598
252 337 312 403 336
987 357 1105 406 nunu.
1122 357 1221 408 rucis

250 485 301 557 sic
320 496 413 556 recte
435 483 536 579 plaga
557 495 674 574 operto
697 483 803 554 vultui
825 482 955 554 indicte
975 484 1145 578 indicant,
1170 487 1220 556 le-

249 603 327 654 sum
347 582 489 653 ludibrio
511 583 661 654 habitum
683 605 777 672 esse,
799 595 834 652 et
856 583 1041 672 explanant
1056 587 1160 654 verba
1173 592 1222 658 irl-

248 681 350 764 πωξον
376 681 467 772 adipi.
510 683 634 752 Contra
653 681 800 774 vulgaris
823 683 1009 774 scriptura,
1038 707 1111 775 qua
1131 685 1221 754 etiam

248 782 411 863 majorem
433 779 682 850 distinctionem
702 794 779 871 post
800 785 923 882 algader
944 785 1101 874 apponit,
1125 783 1223 872 suspi-

248 880 380 949 cionem
405 878 576 967 injiceret,
609 891 646 948 ut
671 879 700 950 si
723 878 897 949 differrent
922 885 1016 982 dignu
1042 894 1078 949 et
1104 884 1224 962 roten,

247 976 460 1068 vapulantem
481 975 627 1046 ludibrio
648 975 785 1067 haberi,
804 991 838 1047 et
860 979 1111 1071 capitecperto
1128 1004 1221 1072 vapu-

247 1075 317 1146 lare
350 1073 633 1169 vapulantemque
669 1073 713 1146 ad
747 1076 987 1148 divinationem
1028 1083 1219 1170 provocari:

247 1195 329 1266 quas
352 1185 464 1244 tamen
485 1196 540 1248 res
561 1199 630 1245 non
653 1175 789 1246 differre
811 1189 957 1253 constat.

306 1475 338 1525 v.
354 1459 406 1526 2³.
434 1453 550 1526 Verba¹
567 1450 619 1522 nai
634 1456 693 1525 τὸν
708 1454 870 1552 ἆςχιεξίον
885 1448 1086 1519 auctoritate
1103 1448 1147 1520 cl.
1157 1471 1220 1523 otc.

245 1565 493 1646 expungantur.
534 1551 675 1641 Sapiunt
702 1554 792 1620 enim
819 1547 975 1621 scholion
1003 1547 1047 1618 ad
1069 1542 1220 1628 arilina

244 1652 387 1724 librariis
420 1651 659 1734 conjunctione
689 1651 742 1722 nal
766 1647 874 1718 textui
903 1646 1078 1720 insertum.
1123 1649 1220 1718 Lucas

244 1750 334 1840 ipse,
362 1750 421 1840 qui
449 1750 646 1838 pronomine
671 1749 759 1826 allel
776 1744 856 1818 inde
878 1767 898 1814 a
919 1767 952 1814 v.
972 1747 1010 1814 14
1031 1746 1219 1834 pontifices,

243 1847 413 1938 principes
428 1861 462 1918 et
476 1847 638 1938 populum
650 1841 980 1940 significavitphaud
993 1844 1067 1914 scio
1083 1867 1131 1913 an
1145 1843 1220 1914 idem

242 1967 429 2036 pronomen
458 1969 525 2016 una
554 1968 632 2014 cum
658 1945 858 2036 pontificum
879 1942 1055 2012 mentione
1076 1942 1132 2012 sio
1152 1964 1220 2010 con-

238 2043 395 2126 junxisse
416 2045 579 2134 potuerit,
600 2065 640 2114 ac
662 2041 693 2114 si
712 2066 780 2114 non
801 2039 884 2114 illud
900 2039 1075 2125 jumentis
1095 2039 1220 2132 pontiti-

244 2162 301 2214 ces
322 2164 390 2236 una
410 2139 725 2231 comprehenderet.

306 2293 336 2340 v.
353 2275 405 2343 25.
432 2269 546 2354 adlati,
575 2271 668 2364 quod
696 2267 846 2361 Griesb.,
876 2271 1014 2362 Knapp.
1037 2282 1072 2339 et
1094 2268 1218 2339 Scholz.

244 2365 466 2456 complurium
487 2367 564 2444 edd.
585 2368 785 2439 auctoritate
804 2371 943 2440 subnixi
965 2369 1162 2458 ejecerunt,
1180 2388 1220 2436 re·

243 2486 349 2556 pone,
371 2467 530 2556 quoniam
553 2465 728 2538 omittendi
752 2467 888 2538 occasio
910 2481 1021 2560 patet,
1043 2490 1127 2537 curn
1147 2467 1218 2550 ejus

244 2562 323 2634 dem
342 2565 476 2656 generis
499 2565 595 2656 edd,
624 2565 682 2656 qui
704 2564 909 2656 omiserunt,
937 2589 982 2638 ex
1006 2577 1107 2657 parte
1131 2563 1218 2634 scho-

243 2661 313 2732 lion
341 2661 392 2736 τδν
418 2669 580 2764 &gaddir
603 2665 675 2735 sive
700 2663 777 2736 loco
798 2667 894 2746 αυἼοῒς
923 2664 994 2736 sive
1023 2679 1105 2754 post
1132 2663 1217 2738 attat

242 2767 295 2842 (1¹¹2
316 2761 371 2832 cd·
386 2767 419 2846 1)
441 2763 649 2854 reciperent3
671 2783 737 2854 quo
760 2777 861 2854 paeto
885 2763 919 2834 id
944 2765 1037 2857 quod
1057 2764 1148 2833 infra
1165 2785 1216 2852 po·
1284 2867 1285 2870 Ἴ

244 2859 345 2932 situm
369 2873 458 2950 erat,
480 2861 578 2931 facile
601 2861 741 2936 excidit.

303 2999 335 3042 r.
347 2977 389 3046 to
401 2999 453 3066 sq.
481 2977 711 3076 epipaillopn·
731 2982 827 3068 ἧμιῒς,
848 2980 893 3050 ita
909 2991 1002 3049 recte
1015 2977 1133 3071 Syrus
1142 2979 1216 3048 hier.

243 3075 338 3165 eope.
361 3073 472 3147 Sahid.
495 3075 614 3164 Chrys.
636 3089 670 3147 et
691 3077 745 3152 cd.
767 3101 818 3170 gr.
835 3077 873 3146 c*
892 3077 1030 3151 habent.
1071 3079 1217 3169 Namque

243 3185 421 3263 propterea
448 3173 618 3263 improbus
644 3175 861 3246 maledixisse
883 3177 1023 3265 dicitur,
1053 3179 1148 3270 quod
1167 3178 1216 3245 Je-

243 3291 302 3341 sus
325 3271 441 3342 eadem
463 3295 560 3362 poena
582 3275 723 3345 affectus
746 3287 836 3344 esset
854 3265 1083 3365 (ila-uptun
1109 3297 1216 3366 quam·

243 3391 345 3461 ‹puam
366 3371 545 3440 confestim
563 3368 651 3440 inter
672 3373 744 3456 ejus
766 3384 800 3442 et
820 3374 972 3465 ipsorum
996 3375 1215 3444 conditionem

242 3469 327 3539 scite
349 3467 573 3563 distinguitur.
618 3469 745 3543 Contra
765 3466 878 3547 ils-sl
890 3493 1027 3541 causam
1044 3470 1212 3564 impietatis

242 3563 366 3638 inferre
394 3591 462 3637 non
491 3579 612 3660 potest.
654 3569 737 3639 Ideo
767 3567 966 3662 particulam
994 3564 1042 3645 ile
1064 3569 1097 3642 h.
1119 3569 1141 3637 l.
1161 3587 1213 3657 pro

242 3670 348 3770 καίπερ
363 3667 572 3757 interpretati
587 3681 676 3739 sunt.
711 3667 800 3738 Tum
822 3687 902 3736 vero
924 3675 949 3738 ln
965 3668 1083 3756 condic
1101 3663 1213 3770 selpoli

264 3765 350 3834 otius
373 3787 473 3855 quam
496 3773 521 3836 ἔν
538 3771 584 3858 τῇ
599 3769 682 3856 adid
698 3796 746 3868 up.
771 3765 837 3835 dici
859 3767 1018 3857 oportuit.
1061 3769 1212 3837 Praeterea

165 3901 167 3908 ·
239 3863 436 3955 ultusquam
450 3863 528 3935 licet
538 3865 729 3960 significare
739 3887 839 3958 nego,
852 3885 1056 3956 quamquam
1066 3863 1212 3936 schleus-

133 4049 134 4056 ἵ
240 3979 340 4029 nerus
362 3961 397 4030 in
420 3961 501 4033 Lex.
517 3963 554 4031 lI
574 3987 606 4054 p.
622 3969 682 4034 333
706 3961 868 4034 nonnulla
897 3964 1052 4058 exempla
1082 3963 1153 4046 ejus
1172 3959 1211 4030 si·
1282 3997 1283 4010 κ

241 4055 465 4152 gnificationis
486 4061 651 4152 reperisse
674 4061 827 4153 opinatus
851 4073 914 4143 est.

270 4199 273 4236 ,
1032 4181 1064 4236 v.
1087 4165 1135 4228 ta.
