2616 4598
74 452 247 543 scriptum
263 447 330 520 sit..
361 448 439 543 Qua
460 459 603 540 utraque
630 448 686 520 via
712 447 907 541 corruptelae
934 449 1062 542 ponde-

72 564 173 638 rata,
195 549 287 641 prior
308 551 509 628 unicevera
529 569 606 628 esse
627 547 770 622 videtur.
804 549 894 620 Nam
916 549 1064 642 alioquin

73 646 358 740 cantabrigiensis
377 668 402 716 o
425 645 717 736 interpolationem
745 645 831 718 acl.
854 671 904 717 or.
932 648 1064 721 deriva-

71 761 149 834 ret,
171 745 264 839 quod
285 745 398 817 facere
417 745 530 816 minus
547 742 646 820 solet.
680 745 770 814 Tum
785 767 971 816 consensus
988 747 1063 836 qui-

72 846 157 916 dam
176 847 254 916 fam
272 845 329 920 lat.
345 868 422 914 cum
444 843 489 914 cl.
504 865 555 913 or.
578 841 612 912 in
632 840 778 914 lectione
798 845 952 944 decrepita
973 841 1063 914 haud

72 944 173 1034 parvi
193 943 406 1014 estimandus
422 955 484 1014 est.
519 944 626 1014 Porro
641 944 788 1035 suspicio
804 944 973 1037 elegantia
985 967 1064 1038 gra-

72 1042 123 1112 tia
147 1040 341 1134 corrigendi
361 1040 574 1138 potissimum
593 1041 695 1117 ssafe.
711 1043 843 1132 premit.
879 1042 1007 1112 Deinde
1023 1055 1063 1112 ut

72 1164 95 1210 a
116 1138 262 1220 lectione
283 1139 343 1231 alr.
365 1139 468 1208 lectio
493 1161 541 1208 or.
571 1140 749 1226 commode
778 1140 963 1229 derivetur,
977 1219 979 1226 y
992 1162 1063 1230 me-

72 1240 166 1310 diam
179 1239 352 1330 quandam
366 1261 534 1331 nusquam
548 1239 682 1309 obviam
696 1235 748 1308 aei
764 1244 844 1325 alma
858 1241 942 1329 erili
956 1246 1061 1327 alyne·

72 1338 182 1430 λιμόν
211 1337 293 1428 fingi
320 1358 461 1422 necesse
486 1350 556 1426 est,
586 1359 727 1428 sanique
757 1337 816 1406 vix
841 1339 1061 1428 probabilem.

73 1435 240 1518 Tandem
260 1457 419 1506 censores
450 1437 500 1505 or.
522 1434 605 1506 illud
628 1434 672 1516 vad
693 1457 855 1506 nauseam
883 1438 1061 1525 repetitum

72 1557 132 1626 ary
162 1533 326 1621 amotum,
354 1556 492 1622 vereor,
520 1547 559 1604 ut
584 1540 694 1622 λέγων·
720 1536 823 1621 amalr
851 1535 1061 1626 reliquerint.

73 1634 208 1728 Quibus
239 1632 425 1702 rationibus
456 1631 643 1726 adductus,
678 1630 730 1706 tal
754 1636 924 1734 α’πικςίθη·
955 1636 1059 1724 λεγόν

71 1753 272 1828 germanam
294 1753 369 1802 esse
392 1730 573 1802 lectionem
589 1730 720 1818 judico.

140 1871 174 1921 v.
191 1855 240 1916 ll.
271 1848 392 1935 perdas
413 1860 451 1916 et
470 1869 504 1915 v.
521 1853 560 1934 12
581 1848 611 1917 οἱ
629 1847 763 1935 Μμονκ
791 1845 924 1920 Gricsb.
953 1848 1059 1920 obelis

13 1973 18 1980 ·
70 1960 244 2017 notantur.
276 1943 376 2034 Illud,
397 1944 554 2037 inquitin
568 1947 698 2018 Comm.
713 1968 762 2022 cr.
780 1946 816 2016 11
838 1970 870 2036 p.
887 1957 938 2036 99,
962 1947 1060 2018 facile

71 2048 225 2139 confingi
253 2048 366 2138 potnit
390 2046 446 2116 vel
466 2067 485 2116 c
507 2045 684 2114 commatis
708 2052 746 2114 ts
769 2043 936 2135 clausula,
964 2045 1020 2116 vel
1041 2069 1060 2118 e

69 2144 200 2220 Matth.
216 2158 252 2214 et
265 2145 347 2220 Luc.
362 2151 462 2245 χοῖροι
477 2145 587 2214 πολλοί
600 2165 664 2212 seu
683 2145 787 2214 ἱκανοί.
822 2145 887 2215 Sed
905 2145 1059 2216 servilius

71 2242 199 2314 librarii
221 2243 296 2312 loca
312 2265 382 2332 par.
399 2242 522 2314 imitari
537 2264 577 2312 ac
592 2241 781 2330 exprimere
797 2255 1059 2330 consueverunt,

69 2341 175 2433 idque
197 2339 253 2410 hic
273 2340 397 2412 fecisse
419 2339 727 2432 deprehenduntur,
749 2364 826 2411 cum
841 2341 917 2410 cdd.
934 2343 985 2413 36.
996 2343 1058 2411 435

69 2462 127 2529 ap.
152 2437 285 2508 Schola.
309 2453 344 2509 et
364 2439 473 2509 Persa
495 2439 680 2508 editionum
700 2460 768 2508 una
791 2459 809 2508 e
831 2437 955 2513 Matth.
971 2450 1004 2529 8,
1018 2446 1061 2510 30

68 2540 171 2628 ἐφίλει
188 2537 297 2636 χοίρων
317 2541 436 2609 samer
456 2534 615 2629 legerint,
646 2558 713 2628 quo
734 2534 887 2625 scholio,
915 2549 953 2606 ut
973 2559 1058 2627 sape

69 2635 201 2724 evenit,
225 2659 330 2724 supra
351 2633 457 2705 lineas
478 2634 602 2726 posito,
625 2658 694 2704 una
714 2633 985 2722 infrascriptum
1001 2665 1059 2722 μι-

69 2736 152 2820 aaa„
168 2734 337 2804 intercidit
349 2734 383 2802 in
398 2732 469 2804 aliis
485 2732 561 2804 edd.
575 2734 700 2821 Persa,
713 2731 747 2800 in
763 2733 882 2821 Copto,
898 2751 946 2800 ur.
963 2735 1004 2806 al.
1016 2770 1057 2787 -

69 2833 201 2902 Eadem
229 2853 333 2902 causa
359 2832 490 2902 exstitit
512 2831 774 2902 emittendorum
795 2830 875 2900 inf.
898 2831 959 2904 alr.
981 2852 1061 2901 ver·

69 2932 192 3001 borum
213 2932 243 3000 oi
260 2931 396 3020 talpam
415 2955 447 3002 v,
465 2941 523 3019 12,
546 2954 616 3022 quar
631 2931 764 3005 Gricsb.
784 2929 806 2999 l.
823 2952 855 3003 c.
876 2929 1058 3002 admodum

68 3040 232 3118 suspecta
252 3027 471 3117 videbantur,
500 3029 598 3122 quasi
620 3028 711 3098 nulla
732 3028 868 3099 adesset
890 3049 995 3098 causa
1016 3051 1057 3096 ea

67 3125 274 3220 negligendi
325 3129 374 3197 At
401 3125 527 3218 duplex
558 3126 712 3198 scholion
744 3146 846 3214 super
873 3129 902 3198 oi
924 3128 1057 3214 lblpaom

69 3224 236 3314 scriptum
256 3224 338 3314 fuit,
366 3249 470 3294 unum
489 3226 605 3307 ablue,
626 3240 665 3294 ut
686 3224 729 3294 ad
750 3234 817 3298 v.9
838 3224 1056 3314 respiciatur,

69 3321 166 3412 quod
187 3321 228 3396 ci.
245 3344 295 3396 or.
310 3324 419 3393 textui
435 3325 645 3413 interseruit,
668 3322 811 3404 alterum
825 3324 958 3394 ame
976 3345 1005 3388 v.
1017 3331 1058 3392 10

68 3421 268 3513 repetitum,
292 3423 386 3514 quod
405 3422 573 3512 Aethiops
594 3420 774 3510 expressit.
794 3459 835 3475 -
863 3417 1056 3489 Consimilis

69 3521 157 3591 ratio
180 3533 234 3591 est
252 3544 287 3596 v.
302 3527 361 3611 13,
382 3521 442 3591 ubi
460 3513 530 3594 icae
548 3525 585 3594 ll
605 3533 765 3610 tanquam
784 3516 939 3589 scholion
965 3517 1058 3598 ejici·

71 3632 150 3690 atur
171 3620 370 3690 auctoritate
389 3618 529 3692 eddon
546 3629 564 3689 1
586 3617 739 3708 aliusque
753 3629 787 3686 et
801 3617 946 3707 plurium
960 3617 1055 3700 inte,

71 3715 239 3808 probante
272 3716 405 3800 Gricsb.
455 3717 570 3810 Quum
601 3714 753 3787 enimin
780 3734 802 3784 n
832 3716 1057 3806 (quamquam

69 3813 161 3905 apud
185 3812 372 3884 Bentleium
391 3815 514 3885 retinet
533 3817 570 3896 ἐς
584 3814 620 3897 β’
639 3812 662 3880 i.
685 3834 712 3880 e.
733 3815 902 3904 δὶσχίλιοι)
925 3824 960 3879 ct
979 3811 1056 3894 Syr.

67 3933 136 3985 rna.
157 3903 287 4002 irarll
304 3915 340 3990 ὦς
355 3914 499 4006 noxiaeve
519 3911 734 3998 omittantur,
763 3909 834 3976 veri
854 3906 962 3977 simile
984 3919 1056 3996 est,

68 4010 106 4080 in
129 4030 247 4079 eorum
274 4010 459 4102 archetypo
480 4003 549 4086 icat
568 4014 606 4082 ll
626 4029 728 4096 supra
748 4005 1056 4098 lineamscriptum

70 4122 106 4180 et
128 4107 171 4182 ab
193 4108 326 4182 incerto
344 4106 482 4183 librario
501 4118 662 4182 neudum
682 4102 866 4178 admissum
887 4123 975 4183 esse.
