2616 4598
86 336 280 394 earuu'rx.
336 343 340 352 ·
1013 323 1072 398 tot

84 472 118 538 in
143 472 247 548 adicit
275 472 460 542 mutabant.
504 473 723 546 Nummium
751 465 1073 550 intentabatur

85 591 115 639 c·
132 578 170 656 9,
187 573 245 637 50:
273 566 334 638 ὣς
352 569 426 669 apic
445 569 534 644 au’liv
550 572 566 644 ὅ
582 573 686 650 'Ivcfft‘
711 572 756 663 pi
772 576 902 654 maille,
920 576 978 644 ubl
999 582 1076 664 qul·

84 666 173 734 dam
193 665 271 739 cdd.
292 690 383 758 aque
398 665 473 769 apic
486 670 576 748 arilei
591 692 789 761 correxere,
811 695 840 744 c.
859 683 909 762 13,
921 683 978 760 ¹15:
998 677 1079 747 eim-

83 769 184 864 κρίθη
211 767 306 853 wlff,
334 767 391 834 ubi
403 815 407 822 ,
419 769 560 838 eandem
576 769 632 838 „ob
653 791 791 840 causam
811 789 898 844 uuus
918 793 937 842 e
957 773 1073 864 Mosq

84 865 191 941 attat}
213 865 366 938 mutavita

149 1036 185 1088 v.
200 1019 255 1086 20,
280 1015 338 1092 3111
356 1012 432 1108 loqo
450 1017 531 1100 taur,
555 1015 646 1108 quod
667 1015 721 1085 vol
742 1015 947 1110 negligentiae
965 1019 1007 1088 ob
1023 1017 1073 1090 al-

7 1183 8 1202 ,
81 1110 317 1188 literationem
346 1110 386 1180 ad
407 1108 499 1184 πεσόν
528 1113 582 1184 vel
602 1109 740 1190 inscitiae
762 1118 895 1208 generis
917 1117 1069 1186 neutrius

81 1207 142 1276 vel
164 1208 343 1284 imitationi
365 1211 540 1282 commatis
559 1217 598 1282 15
618 1213 731 1287 deberi
756 1213 904 1299 videtur,
932 1235 950 1282 e
972 1215 1071 1304 quin-

83 1305 201 1374 decim
218 1305 294 1378 cdd.
309 1330 361 1398 gr.
378 1321 412 1378 et
426 1308 498 1398 Syr.
513 1313 679 1383 utuPers.
696 1311 846 1384 emenda.
874 1311 962 1380 Nam
977 1313 1069 1402 quod

81 1403 335 1474 nominativum
357 1404 546 1498 absolutum
567 1429 642 1500 esse
659 1408 795 1494 volunt,
816 1408 892 1478 loco
908 1411 1010 1490 ttt'vtn
1026 1407 1071 1484 'esi

82 1505 138 1571 oiri·
154 1503 262 1583 sotir,
285 1503 366 1572 mihi
386 1528 453 1578 nou
476 1506 646 1592 probatur.
682 1507 917 1576 Nominativus
935 1507 1070 1597 quidem

81 1601 251 1693 longioris
274 1602 399 1670 tenoris
422 1601 476 1670 vel
496 1604 649 1694 apposito
665 1605 825 1674 adauctus
842 1604 992 1674 absolute
1008 1627 1074 1694 pro⁴

84 1725 174 1782 casu
204 1700 341 1792 obliquo
371 1701 505 1789 ponitur
526 1705 606 1780 Act.
621 1707 659 1793 11,
680 1708 722 1773 10
749 1725 767 1771 e
788 1702 1067 1790 Deuteronomio,

82 1803 103 1869 J
109 1801 166 1870 oh.
184 1802 271 1888 17,2
293 1797 435 1891 Apocal.
451 1809 482 1888 2,
496 1803 546 1876 26.
567 1803 598 1888 6,
614 1811 652 1890 83
673 1800 727 1869 vel
747 1799 791 1868 ibi
812 1801 991 1892 reperitur,
1013 1800 1071 1876 ubi

83 1901 232 1976 verbum
246 1921 366 1990 regens
384 1921 500 1968 casum
518 1898 690 1990 obliquum
706 1897 838 1990 longius
854 1899 939 1968 absit
950 1897 1069 1976 (200n

83 2009 118 2078 8,
133 2004 176 2071 23
197 1997 241 2066 ib.
264 2009 337 2074 not.
360 1999 509 2080 nostr.):
530 2010 583 2075 est
603 1997 692 2064 enim
716 1994 940 2064 anacoluthon
962 1994 1069 2091 quod-

83 2095 181 2170 dam.
214 2089 391 2185 Nusquam
412 2117 492 2165 vero
515 2095 739 2172 nominativus
761 2115 821 2184 pro
842 2093 990 2185 genitivo
1010 2094 1069 2172 ab,-

85 2193 203 2264 soluto
236 2191 430 2268 collocatur.
471 2190 560 2269 Mox
582 2216 612 2261 v.
629 2195 669 2262 26
691 2193 770 2261 item
790 2203 909 2268 neutra
930 2191 1068 2259 restitue

84 2291 205 2394 κςαίξαν
222 2289 274 2364 vai
287 2288 389 2368 πολλοὶ
403 2289 572 2390 σπαράξαν,
589 2314 660 2381 quae
672 2289 804 2360 Griesb.
815 2291 849 2358 in
865 2287 979 2386 κράξας
993 2320 1022 2359 κ.
1031 2318 1068 2366 π,

83 2387 249 2488 ἀνταράξας
277 2388 429 2462 mutavit.
469 2388 624 2457 Similiter
646 2391 725 2458 Luc.
741 2399 772 2473 9,
787 2395 826 2459 39
847 2383 981 2476 quidam
1009 2407 1069 2453 ve-

84 2504 181 2564 teres
202 2487 276 2556 libri
297 2487 465 2586 accipitur,
488 2507 517 2552 c.
536 2494 585 2572 11,
601 2493 639 2553 21
662 2487 795 2586 εὑρίσκων
816 2498 849 2554 et
863 2507 895 2558 v.
910 2491 951 2554 25
971 2485 1067 2554 ἐλθόν

85 2583 271 2672 exhibent,
292 2583 371 2660 lieet
391 2581 463 2658 hac
485 2581 548 2662 tria
568 2583 742 2680 partieipia
764 2581 805 2658 ad
819 2586 937 2670 arripe
952 2581 1069 2656 referri

87 2696 255 2774 oporteat.

149 2855 184 2908 v.
200 2840 251 2903 28.
280 2831 328 2902 Cl.
351 2853 445 2919 ccc,
464 2845 502 2900 ut
523 2829 599 2900 alibi
621 2833 668 2910 (v.
685 2841 755 2904 not.
778 2827 821 2898 ad
841 2830 919 2904 Act.
935 2836 986 2916 22,
1002 2827 1070 2916 17),

87 2932 324 3001 accusativum
345 2931 508 3008 ιῑςιλθᾶνΊα
523 2931 612 3004 eilo‘v
630 2928 664 2995 iu
681 2927 864 3020 genitivum
880 2926 1071 2997 absolutum

86 3030 263 3108 εἰςελθὸνῗος
287 3030 362 3107 colit
384 3028 543 3115 mutavit,
571 3028 661 3118 quod
679 3025 858 3096 .Schulzius
879 3025 967 3096 male
988 3047 1070 3115 pro-

84 3129 193 3204 bavit.
233 3128 405 3216 Frequens
436 3137 547 3195 autem
575 3137 628 3196 est
652 3127 686 3194 in
707 3149 740 3194 n.
761 3125 802 3199 T.
824 3123 891 3193 hec
913 3137 1071 3192 constru-

88 3227 180 3313 ctio,
207 3223 421 3314 participium
443 3224 478 3291 in
499 3245 599 3312 casu,
631 3245 730 3314 quem
752 3223 838 3315 regit
858 3224 1067 3311 subsequens

86 3324 251 3409 verbum,
279 3321 425 3411 ponendi
446 3334 480 3388 et
501 3343 684 3409 pronomen
707 3320 825 3388 eodem
846 3341 929 3388 casu
951 3319 1067 3401 adjici-

89 3421 181 3490 endi.
217 3420 338 3510 Neque
352 3432 463 3487 tamen
477 3418 510 3486 id
524 3441 633 3510 genus
648 3419 782 3488 dicendi
796 3441 836 3488 ea
848 3420 1066 3506 necessitate,

14 3509 18 3519 ’
89 3541 159 3610 qua
173 3517 208 3586 iu
222 3538 379 3586 sermone
391 3515 509 3602 latino,
528 3519 736 3604 observaun,
755 3516 817 3586 sed
834 3539 911 3585 cum
925 3516 959 3585 id
974 3516 1066 3608 quod

88 3638 151 3706 per
163 3613 385 3704 participimn
404 3612 612 3703 enunciatur,
632 3613 686 3682 vel
703 3635 805 3684 sensu
817 3612 870 3682 vel
886 3616 1066 3682 verborum

88 3716 191 3807 copia
210 3713 362 3804 paullum
381 3712 582 3794 disjunctum
604 3724 656 3782 est
676 3735 696 3781 a
714 3712 824 3798 verbo,
839 3713 1067 3804 finum-geni-

88 3816 161 3884 tivo
190 3812 344 3882 absoluto
371 3810 508 3900 praevio,
536 3809 750 3899 subjungitur
777 3829 961 3898 pronomen
984 3829 1065 3877 casu

89 3911 243 3991 diverso:
271 3907 395 3986 Matlh.
418 3909 468 3994 17,
489 3917 524 3982 9:
553 3905 770 3987 aalffissmo'vlnv
795 3907 909 3984 otti'lssvs
925 3898 1065 3994 lvt‘let'aic'lc

88 4007 203 4092 nuileio,
225 4029 256 4090 Q.
271 4015 326 4094 18,
339 4011 379 4088 25,
398 4004 483 4089 Luc.
495 4015 527 4094 9,
542 4011 583 4076 ⁴2
602 4005 712 4090 Mate·
726 4006 758 4093 6,
771 4010 825 4074 22.
905 4061 908 4068 .
