2616 4598
78 341 191 390 crrur
215 339 289 388 xix.
1001 327 1062 412 2⁶?

76 469 286 559 scriptorum
320 481 353 538 et
387 469 459 538 intt.
492 471 704 560 antiquorum
736 491 905 544 eonsemu
931 485 1061 544 certum

78 589 159 638 esse
187 566 276 636 ultro
303 569 483 636 confessus
513 578 576 641 est.
603 566 685 642 ¹Sed
713 568 847 657 quando
867 572 897 642 is
917 575 1060 646 orationi
1175 569 1178 580 ’

76 664 250 742 Ptolemaei
276 678 311 734 et
332 662 472 733 Tertull.
487 686 570 734 -nou
593 664 812 756 contradicit,
839 690 903 740 nec
924 671 1007 740 alter
1028 697 1057 742 ο,

78 771 170 849 19,9
191 763 321 854 integra
341 762 508 849 scriptura
528 762 668 834 infestus
688 765 760 836 erit.
782 765 898 856 ¹Quod
912 769 941 838 si
955 791 1060 842 eausa

78 860 323 930 controversiae
345 858 417 928 hare
440 859 577 946 fuisset,
598 860 786 937 seeundum
808 865 930 938 Mosen
945 871 1059 939 matri.

78 956 188 1026 monii
207 956 378 1024 vinculum
399 955 531 1026 solvere
550 955 669 1046 licere,
689 959 875 1029 seeundum
890 962 1060 1037 Christum

77 1056 178 1126 ruello
204 1055 307 1124 modo
327 1055 448 1144 licere3
476 1077 538 1146 ego
563 1051 654 1126 certe
675 1055 845 1143 laudatum
865 1060 1060 1153 Mattlraum
1136 1116 1141 1126 ,

79 1155 155 1226 sive
171 1175 246 1243 cap.
262 1159 294 1241 5,
309 1162 349 1224 32
369 1154 440 1224 sive
456 1175 486 1227 c.
502 1162 553 1242 19,
569 1163 588 1226 9
609 1167 863 1246 exspectarem,
885 1173 921 1232 at
934 1159 1060 1249 aliquid

80 1252 197 1322 dicere
224 1250 394 1320 videretur
412 1250 556 1340 Hugius.
599 1249 664 1319 Sed
692 1251 855 1338 ejusmodi
881 1256 945 1326 fuit
966 1261 1060 1344 obje-

78 1351 150 1421 ctio
182 1348 467 1434 adversariorum,
494 1347 619 1416 Mosen
642 1347 741 1417 facile
760 1352 847 1443 pati,
873 1356 986 1426 aviro
1008 1358 1059 1428 di-

77 1448 169 1520 mitti
183 1468 337 1532 uxorem,
351 1468 372 1514 a
387 1444 465 1519 Chr.
480 1444 659 1516 divortium
674 1446 854 1536 prohiberi.
882 1451 962 1532 ‚Jam
977 1476 1056 1536 vero

79 1571 101 1616 a
125 1544 264 1636 consilio
289 1567 423 1631 eorum,
446 1543 504 1633 qui
526 1544 741 1616 concordiam
755 1549 929 1640 utriusque
944 1553 983 1623 T.
1000 1555 1058 1624 de·

78 1656 328 1730 monstrarent,
350 1643 496 1712 alienum
516 1641 620 1730 foret,
642 1642 784 1732 docere,
806 1645 976 1722 Christum
994 1653 1055 1722 sub

80 1743 229 1834 quadarn
262 1740 453 1810 conditione
487 1741 664 1831 repudium
691 1743 896 1832 permisisse:
927 1749 1058 1842 integra

78 1839 184 1910 nihilo
213 1837 323 1908 minus
351 1850 495 1908 restaret
521 1839 667 1920 objectio
689 1840 730 1910 de
750 1840 878 1932 repudii
898 1846 1057 1918 facilitate

80 1963 100 2010 e
120 1939 196 2031 lege
217 1939 366 2007 mosaica
388 1951 421 2006 et
443 1937 484 2006 de
502 1936 653 2022 ejusdem
667 1937 857 2010 difficultate
870 1933 1057 2019 secundum

79 2036 272 2126 doctrinam
287 2033 514 2111 christianam.
547 2035 718 2128 Quorsum
732 2036 846 2127 itaque
861 2040 1057 2134 confugiunt

77 2133 223 2204 Ptolem.
246 2147 281 2202 et
299 2132 552 2207 Tertullianus?
587 2136 779 2204 Provocant
801 2129 843 2204 ad
863 2137 987 2208 Mattln
1004 2151 1055 2231 19,

76 2230 141 2304 sed
157 2255 187 2298 v.
196 2241 226 2320 8,
243 2231 367 2300 Mosen
383 2254 450 2300 uon
465 2253 508 2300 ex
524 2229 636 2302 divina
649 2230 723 2322 lege
738 2256 848 2324 neque
860 2257 922 2306 sua
931 2251 1055 2326 mente,

77 2330 141 2402 sed
170 2331 214 2398 ob
243 2328 397 2400 duritiem
427 2327 614 2399 animorum
643 2331 815 2400 arbitratui
838 2332 984 2402 virorum
1004 2336 1054 2404 ui·

77 2428 186 2500 mium
214 2426 376 2504 tribuisse.
420 2426 473 2494 Ita
503 2427 636 2518 egregie
666 2427 812 2498 divinam
841 2442 989 2500 mentem
1018 2433 1055 2505 in

79 2538 228 2614 utroque
248 2524 291 2598 Τ.
312 2523 503 2613 conspirare
532 2523 802 2609 demonstratum
830 2525 920 2615 quud
946 2529 1054 2598 neud-

79 2645 184 2714 quam
202 2635 348 2716 pateret,
370 2623 399 2692 si
422 2622 572 2692 Christus
595 2620 758 2689 adulterio
781 2621 958 2693 divortium
978 2646 1054 2712 per·

66 2723 214 2790 mittere
236 2720 412 2812 diceretur.
448 2720 527 2812 Quae
542 2742 618 2788 curn
632 2719 680 2787 ita
693 2719 778 2806 sint,
798 2741 897 2811 nego,
917 2721 951 2796 in
965 2723 1052 2796 Ptol.

78 2833 113 2888 et
139 2818 234 2888 Tert.
265 2817 510 2908 exemplaribus
540 2840 573 2885 n.
595 2815 637 2888 Τ.
664 2815 869 2904 uersiculum
899 2831 1053 2890 nostrum

77 2916 235 2990 mutilum
261 2916 385 3004 fuisse,
417 2937 621 3008 quamquam
647 2914 688 2984 dc
717 2914 912 2985 Tertulliani
937 2939 1053 3004 enemo

76 3013 165 3106 plari
185 3014 422 3084 Griesbachius
445 3034 581 3104 quoque
603 3011 691 3081 idem
714 3013 866 3102 opinatus
888 3017 944 3090 sit.
986 3017 1052 3086 Vc.

75 3136 157 3182 rum
176 3113 232 3182 fae
253 3133 434 3202 ponamus,
464 3113 504 3180 ab
526 3113 599 3182 istis
620 3111 664 3200 pl
680 3109 728 3184 er>
743 3109 865 3210 copula
886 3113 1052 3200 abluisse3

75 3236 147 3282 uon
162 3211 268 3299 magis
284 3211 395 3300 Hugio
412 3210 551 3280 concedi
566 3222 694 3300 potest,
715 3231 755 3278 ea
768 3211 871 3278 verba
883 3209 958 3278 ideo
972 3211 1051 3292 reji-

76 3308 200 3381 eienda
221 3330 307 3380 esse.
344 3309 479 3400 Quanta
501 3307 588 3378 enim
608 3320 721 3376 essent
742 3307 982 3398 expungenda,
1004 3311 1052 3398 si,

75 3428 283 3500 quaeeunque
308 3429 394 3478 unus
418 3406 544 3477 alterve
567 3427 585 3474 e
607 3405 826 3494 scriptoribus
847 3406 994 3496 antiquis
1017 3408 1052 3486 iu

75 3505 260 3574 excitando
281 3528 313 3573 n.
330 3505 370 3577 T.
393 3504 542 3574 omiserit
562 3516 619 3574 aut
640 3502 792 3572 omisisse
811 3503 994 3594 videretur,
1011 3505 1052 3576 it-

73 3603 143 3672 lico
175 3601 279 3673 deleri
307 3601 492 3690 oporteretl
513 3600 650 3694 *Hugius
676 3613 786 3670 autem
808 3601 848 3670 ab
869 3603 950 3693 ipsis
967 3600 1049 3673 ,cdd

72 3726 126 3794 gr.
160 3713 194 3770 et
221 3701 291 3772 intt·
322 3699 452 3768 diverse
479 3697 591 3786 locum
619 3711 771 3768 nostrum
800 3699 866 3789 legi
892 3702 1050 3786 affirmat,

73 3799 157 3870 cuni
177 3796 339 3888 nonnulla
360 3795 401 3867 el.
418 3817 490 3870 occ.
513 3795 714 3868 documenta
733 3795 870 3898 vagantia
882 3795 961 3884 alys
973 3824 1051 3893 uoq.

74 3902 149 3974 νιίας
166 3895 288 3987 propa
303 3894 576 3986 intenlhabeant
620 3894 686 3964 Sed
707 3896 800 3987 origo
822 3893 921 3978 hujus
942 3895 1052 3974 varie,-

74 3996 314 4090 tatispatete
330 3993 350 4068 1.
373 4015 458 4086 Pal·
481 4001 520 4088 5,,
541 4001 582 4086 ,3²
610 4005 754 4084 arrepta.
796 3991 985 4078 Innumeras¹
1006 3989 1056 4066 le.-
