2616 4598
78 355 187 403 CAPUT
205 354 282 402 vn.-

74 495 231 572 spectes‚
251 483 308 550 ubi
330 507 362 556 v.
377 490 417 552 25
442 485 595 574 opposita
616 483 774 574 exponit,
792 483 941 575 vulgaris
958 485 1068 575 lectio,
1117 497 1121 504 “

73 583 309 671 praestantior,
331 582 391 652 sed
411 582 470 651 illa
492 595 583 651 certe
605 580 759 665 notabilis
781 581 958 657 videbitur.

10 753 12 762 ,
136 704 172 756 ν.
193 689 235 750 23
256 693 289 750 ct
310 681 372 752 26..
397 678 472 754 naid
500 679 599 759 carlini
624 680 861 770 scribendum,
895 695 1058 769 praeunte

73 778 254 872 Knappio,
276 779 463 848 seeundum
487 779 641 872 antiquas
663 779 896 866 membranas,
921 802 993 869 quae
1013 783 1061 850 ita

73 877 130 950 vel
163 875 240 951 naid
263 876 306 949 vai
329 880 411 953 adid
442 877 615 949 exhibent.
664 876 795 946 Eadem
826 877 1059 948 emendatione

75 998 163 1066 opus
181 989 239 1045 est
260 997 287 1045 c.
305 983 354 1064 17,
371 986 424 1054 30.
951 1041 953 1046 .

139 1096 175 1148 ν.
188 1075 242 1147 st.
269 1077 300 1153 pi
320 1075 407 1146 absit
429 1074 626 1152 auctoritate
648 1073 724 1144 cdd.
743 1089 810 1148 utr.
826 1079 890 1167 cl,
911 1079 1061 1168 eproxi·

73 1172 137 1242 mis
162 1171 337 1244 versieulis
360 1186 548 1264 arreptum,
573 1187 607 1242 et
628 1196 731 1264 supra
750 1173 875 1248 lineam
896 1177 1060 1269 scriptum

73 1267 232 1340 voculam
252 1271 317 1370 ,ὥς
339 1293 384 1340 ex
405 1270 535 1363 aliquot
556 1269 650 1342 libris
673 1272 828 1342 extrusit.

489 1415 542 1482 xC.
563 1413 645 1485 ΥΠ.

135 1537 168 1583 ν.
182 1517 212 1588 l.
240 1515 440 1588 Atticismus
462 1515 584 1617 παρέξει
600 1515 678 1585 loco
697 1513 829 1620 vagtis,
851 1515 932 1587 licet
948 1529 1061 1608 poste-

72 1611 144 1683 rius
167 1614 209 1683 cl.
232 1637 304 1684 occ.
327 1628 361 1686 et
382 1616 462 1686 Kna
486 1619 561 1705 pius
585 1618 766 1704 tueanturj
780 1613 974 1686 retinendus
997 1629 1060 1691 est.

72 1713 240 1796 Ejusdem
257 1715 346 1782 enirn
362 1737 447 1807 gene
511 1714 587 1784 cdd.
604 1735 741 1804 quoque
752 1713 876 1784 Matth.
887 1716 966 1802 27‚l
981 1713 1061 1783 Joh.

74 1817 167 1899 1‚51.
182 1818 282 1902 11,10
293 1804 377 1904 ἕψει,
400 1837 470 1904 qua
484 1813 592 1881 forma
606 1811 672 1880 hoc
687 1811 721 1879 in
737 1813 841 1880 verbo
856 1811 890 1880 in
906 1813 1060 1884 omnibus
1149 1806 1157 1818 '

35 1935 38 1948 ,
74 1909 227 1978 dialectis
252 1910 487 2001 frequentatur
516 1914 574 1994 (ut
594 1911 629 1978 in
650 1908 738 1991 ledan
758 1910 841 1984 Luc.
857 1919 911 1998 22,
924 1913 1005 1998 12),
1025 1909 1061 1976 in

72 1999 136 2098 ἕψῃ
165 2021 370 2106 mutarunt,
392 2022 426 2077 et
454 2010 575 2099 sapius
598 2009 633 2076 in
663 2009 821 2104 antiquis¹
840 2009 1060 2100 scriptoribus

72 2106 168 2174 illum
190 2106 395 2188 atticismum
410 2106 509 2196 culpa
522 2106 737 2176 librariorum
753 2107 931 2178 evanuisse
946 2107 1062 2176 docuit

72 2205 295 2274 Buttmannus
318 2205 351 2272 in
376 2205 524 2272 Gramm.
546 2227 597 2298 gr.
624 2206 649 2290 l.
665 2213 705 2279 93
726 2229 759 2297 p.
775 2211 847 2278 236.

141 2325 173 2377 v.
189 2305 220 2373 6.
252 2303 333 2396 Quae
363 2302 494 2370 Griesb.
521 2302 648 2392 placuit
676 2305 893 2396 transpositio
922 2302 963 2372 cl.
987 2323 1061 2390 occ.¹

71 2431 119 2491 pa
136 2399 194 2469 ὑπὸ
210 2399 262 2472 mlv
280 2406 389 2486 s-s‘pnv,
413 2423 432 2497 e
454 2401 580 2474 Matth.
593 2409 624 2490 8,
640 2413 660 2471 8
682 2403 844 2484 translata
866 2413 945 2473 est.'

135 2521 168 2567 v.
187 2507 234 2568 11.
265 2501 362 2570 inciti
380 2499 533 2582 ejiciatur
555 2497 748 2568 auctoribus
764 2499 858 2590 Spro
879 2497 966 2568 hier.
989 2499 1060 2566 fere

73 2597 327 2686 omnibusintt.
348 2619 389 2666 ac
412 2595 454 2672 cl.
477 2619 548 2666 occ.
572 2597 646 2666 cdd.
669 2620 720 2687 gr.
728 2648 740 2686 ,
760 2619 826 2668 nec
847 2597 957 2667 minus
980 2619 1061 2666 sua-

73 2697 176 2766 dente
199 2719 313 2768 sensu.
353 2692 521 2787 Namque
535 2697 695 2766 articulus
719 2699 749 2765 oi
766 2692 946 2786 prohibere
966 2695 1063 2763 vide³

71 2811 141 2885 tur,
162 2819 230 2887 quo
252 2797 363 2880 minus
379 2787 470 2887 ὄχλος
486 2796 629 2885 pasitele
646 2796 723 2873 adl&
737 2792 954 2884 intelligatur,
975 2804 1014 2860 ut
1029 2814 1060 2865 c.

72 2899 105 2984 6,
127 2901 176 2964 17.
219 2894 400 2986 Ideolibri
424 2905 453 2969 1.
470 2902 527 2964 131
552 2892 700 2986 tollendo
717 2893 753 2960 'oi
771 2904 804 2960 et
821 2894 898 2971 udi&
920 2887 1061 2982 praesidii

73 2993 200 3085 aliquid
220 2995 478 3064 subministrare
501 2993 690 3062 voluerunt.
726 2991 904 3060 Invectum
927 2993 1060 3061 insanie

71 3094 230 3184 proximo
260 3106 427 3162 commate
449 3099 509 3178 12,
538 3090 629 3160 unde
656 3089 768 3180 plures
792 3088 867 3158 libri
889 3090 989 3158 etiam
1009 3090 1060 3162 ric

70 3193 183 3268 πόλεως
207 3204 284 3281 post
308 3193 403 3270 πολύς
430 3189 649 3277 addiderunt,
678 3201 711 3256 et
738 3187 814 3255 vice
841 3207 942 3258 versa
964 3207 996 3253 v.
1020 3191 1061 3252 12

72 3292 129 3361 alii
149 3293 243 3368 πολύς
265 3291 434 3359 inlocum
457 3290 553 3366 ἱκανός
573 3288 828 3361 substituerunt.
859 3291 861 3295 '
938 3293 940 3303 '

133 3411 166 3457 v.
186 3397 235 3460 12.
264 3383 294 3462 iv
319 3413 338 3459 a
361 3380 588 3477 compluribus
618 3383 827 3450 documentis
850 3383 922 3459 utu
938 3380 978 3451 cl.
998 3381 1061 3450 ‘ab-

71 3500 142 3574 est,
165 3488 199 3555 in
216 3479 260 3556 33
277 3499 355 3578 post
375 3487 449 3579 adipi
470 3483 719 3582 transponitur3
746 3481 859 3573 itaque
880 3479 1060 3551 insititium

69 3585 216 3653 videtur.
510 3600 512 3610 ’
804 3631 806 3635 -

133 3704 168 3749 v.
182 3689 232 3748 22.
261 3683 401 3762 ὄἸκσές,
431 3679 522 3771 quod
544 3678 585 3748 cl.
609 3701 683 3752 occ.
710 3677 896 3766 improbat,
926 3674 1059 3750 Griesb.

60 3779 194 3848 *merito
224 3778 355 3868 duplice
384 3779 483 3848 obelo
512 3776 642 3845 notavit
654 3798 667 3866 3¹
696 3775 794 3843 facile
826 3775 914 3842 enim
942 3770 1002 3839 el.
1024 3795 1059 3862 p.

69 3875 198 3946 Matth.
223 3885 260 3944 11
267 3927 278 3966 ,
299 3883 320 3944 1
345 3877 492 3964 irrepere
513 3874 629 3962 potuit.
674 3873 962 3956 Pariterveteres
983 3866 1059 3936 libri

68 3971 199 4044 Matth.
222 3974 340 4042 imitati
362 3973 463 4040 modo
486 3971 540 4039 lric
561 3965 607 4044 lb
629 3972 819 4058 ejecerunt,
848 3967 948 4050 modo
968 3989 1001 4042 v.
1018 3968 1060 4034 24

70 4077 138 4149 τοῖς
163 4061 266 4162 dxtera
281 4119 323 4134 --
336 4068 471 4162 ἓξίλθεἹὲ
493 4070 709 4160 scripserunt.

766 4185 768 4188 .
825 4143 875 4221 39⁴
