2568 4582
74 1057 121 1195 In
138 1125 347 1200 recensendo
368 1133 467 1196 textu
486 1127 567 1195 novi
586 1125 778 1196 testamenti
794 1120 947 1196 delitum
965 1106 1041 1218 egle

75 1236 133 1315 tnr;
159 1227 218 1296 sed
246 1225 358 1296 literis
381 1225 474 1294 Deus
503 1224 702 1315 sapientiam
730 1245 827 1292 suam
851 1223 1038 1294 mandevit.⁴
1134 1289 1138 1296 .

75 1323 126 1390 Pro
158 1323 232 1394 luce
263 1323 466 1418 evangelica
490 1323 525 1391 in
553 1321 594 1391 iis
620 1321 747 1390 tradita
778 1333 881 1412 atque
916 1321 1041 1392 solatio

75 1419 166 1492 divino
198 1424 348 1516 gratiam
382 1435 542 1514 quantam
569 1420 737 1509 potuerim
766 1418 963 1508 habiturus,
1004 1421 1040 1490 in

40 1527 42 1604 l
77 1541 152 1590 taem
174 1523 347 1613 scriptura
368 1521 641 1612 qualemcunque
661 1540 799 1610 operam
819 1541 946 1590 navare
967 1524 1041 1590 ania

40 1613 41 1636 ³
76 1639 148 1688 num
177 1619 313 1688 induxi.
361 1617 441 1712 Qua
471 1618 646 1690 voluntate
681 1617 830 1688 Venetiis
864 1619 1042 1690 evolvendi

79 1716 187 1788 codices
201 1715 424 1788 Bibliotheca
446 1717 515 1786 divi
528 1714 640 1786 Marci
661 1715 878 1786 occasionem
899 1729 1043 1805 nactus,

78 1814 193 1901 primum
208 1817 255 1892 ¹iu
277 1817 379 1885 Actis
412 1828 448 1886 et
483 1814 632 1906 epistolis
652 1814 775 1884 sudore
796 1814 915 1905 coepi,
949 1816 1043 1907 quod

54 1912 134 1990 *ejus
160 1915 262 2004 partis
288 1916 461 1999 scriptura
481 1913 659 2005 pauciores
687 1912 762 1982 libri
793 1935 896 1984 manu
923 1913 1043 2005 scripti

80 2025 290 2102 superessent,
323 2035 507 2105 eorumque
531 2013 670 2102 insuper
699 2033 823 2102 magne
838 2033 935 2101 para,
966 2033 1042 2102 quoe
1100 2021 1107 2028 '

82 2111 212 2180 continue
252 2110 462 2182 conferenda
494 2123 586 2198 erat,
628 2108 736 2178 obiter
774 2110 928 2198 inspecta
956 2108 1043 2179 l'uie·¹

81 2216 127 2272 tet.
161 2208 200 2276 ln
232 2209 500 2300 Evangelioium
528 2206 704 2277 codicibus
732 2207 943 2278 excutiendis
971 2230 1042 2278 non

82 2301 227 2396 voluntas,
256 2305 323 2376 sed
342 2305 491 2376 facultas
512 2304 595 2374 mihi
616 2303 740 2392 defuit,
777 2305 970 2376 valetudine
990 2307 1043 2376 itt-¹

83 2407 230 2493 tucepto„
282 2406 434 2476 Seoruim
464 2418 578 2476 autem
603 2405 770 2474 Actorum
806 2417 841 2474 et
883 2403 1043 2495 epistola-

82 2515 137 2568 tum
154 2514 265 2574 textus
288 2503 469 2574 commode
492 2505 654 2592 tractati,
685 2504 752 2572 imo
778 2502 813 2572 iu
834 2501 945 2573 lucem
969 2503 1043 2573 dari
1087 2585 1091 2596 ι

83 2614 173 2682 posse„
187 2603 392 2692 videbatur,
428 2604 519 2694 quod
552 2601 696 2680 seorsim
731 2600 834 2672 etiam
862 2601 899 2669 in
919 2619 1045 2669 ‘enema

84 2691 202 2778 pleribus
216 2725 322 2772 mauu
337 2703 486 2772 exaratis
503 2701 671 2774 conscribi
692 2698 816 2788 soleat,
840 2709 905 2766 aut.
918 2697 955 2767 in
968 2697 1044 2790 qui-

83 2787 129 2862 bus
143 2819 263 2868 novum
279 2813 520 2872 testamentum
535 2823 604 2870 uno
619 2815 762 2888 torpore
784 2795 1045 2888 comprehendi*

84 2895 141 2978 lul,
157 2916 194 2966 ea
208 2897 403 2987 posteriore
419 2911 516 2988 parte
531 2897 623 2968 haud
643 2895 885 2968 raro‘indolem
899 2896 1041 2966 tament.

83 2981 173 3096 bitere
190 2996 359 3068 rationem
374 2996 530 3068 criticam
550 3017 714 3087 measque
730 2993 1042 3066 animadversiones
1134 3010 1136 3015 ’

83 3101 205 3161 urorum
234 3092 417 3164 doctorum
443 3095 572 3176 judicio
601 3093 756 3166 modeste
788 3093 971 3181 submitto,
1004 3105 1046 3162 ub

80 3189 176 3263 urum
215 3192 401 3262 sententiae
422 3192 619 3283 explorem
625 3228 639 3280 ‚-
688 3213 731 3260 an
770 3212 893 3262 censor
918 3213 1044 3262 novant

85 3277 238 3359 editionem
268 3289 495 3360 adornaturus
522 3289 611 3360 bunc
637 3289 852 3380 potissimum
878 3290 969 3359 viam
989 3290 1047 3360 ina

85 3381 230 3483 uetiam»
259 3401 296 3460 et
322 3388 456 3478 singula
487 3387 567 3458 loce'
600 3387 702 3458 dubia
729 3410 776 3456 ex
804 3410 881 3458 mea
903 3401 1045 3460 ‘senten-t

85 3479 119 3542 lle
146 3485 298 3554 emendet
319 3498 483 3577 oporteat.
540 3485 624 3556 Ideo
660 3486 690 3555 si
726 3484 808 3576 quid
844 3486 948 3575 certi,
969 3510 1045 3558 moa

84 3577 184 3648 nemis
225 3603 343 3652 rerum
386 3585 473 3654 bene
508 3583 705 3675 perpensis,
753 3583 908 3654 affirmari
941 3601 1046 3676 posse

84 3676 194 3764 lueri,
215 3680 250 3750 in
272 3681 511 3754 contendendo
534 3683 648 3752 audax
669 3705 780 3773 quam·
793 3682 920 3754 dubius.
935 3683 1044 3756 videri

86 3767 237 3844 uolebam·
285 3780 371 3872 Quae
385 3836 389 3846 .
404 3780 496 3850 enim
524 3778 689 3852 lectiones
721 3802 741 3850 e
770 3781 915 3872 plurima
947 3795 1044 3872 parte

86 3869 325 3967 probabiliores,
347 3899 406 3948 eae
418 3899 500 3950 vere
522 3891 556 3949 ot
574 3892 694 3970 aperte
710 3880 860 3969 potiones
879 3877 1043 3950 habendae
1102 3931 1109 3944 .

89 3977 164 4058 tunt,
182 3987 289 4066 teque
303 3987 434 4086 tentum
447 3976 483 4048 in
497 3989 599 4050 notae
621 3977 663 4050 ab
678 3977 809 4064 editore
823 3975 1042 4050 amandando·
