2616 4598
75 345 182 395 carue
205 343 297 394 xxu.
621 335 624 340 '
998 327 1059 396 335
1095 349 1104 356 ·

140 497 174 543 v.
189 481 241 549 33.
268 474 502 574 aequandorum,
525 473 617 565 quod
637 475 769 552 elnon.
784 476 860 548 loeo
880 482 1061 579 pepinum

75 575 198 662 habet,
218 578 329 642 prinus
343 574 385 642 ob
400 572 594 663 praecedens
610 575 750 644 verbum
763 576 942 666 iteratum,
957 601 1060 668 quarn

76 675 120 743 ob
143 672 166 744 l.
181 695 215 762 p.
231 670 356 743 Matth.
371 675 423 761 al,
437 677 479 742 35
501 673 609 742 Maro.
625 680 676 759 13,
691 681 731 743 31
752 673 963 745 immutatum
984 699 1061 750 esse

76 771 222 844 videtur.
270 769 312 841 In
338 770 449 843 Mare.
476 767 629 840 vicissim
648 792 675 841 ,e
702 775 797 842 Luoa
820 779 1001 874 παρέλθωσι
1025 776 1060 846 iu

78 869 303 974 noeprnedrn‘lee
324 868 477 938 nonnulli
497 869 574 938 libri
593 881 778 944 mutarunt.

140 993 169 1039 v.
187 972 238 1040 36.
265 969 366 1042 vadia
387 991 408 1038 a
429 967 471 1040 ol.
494 989 543 1036 or.
565 969 680 1059 abest,
709 979 743 1036 et
763 979 879 1058 utpote
900 991 1000 1060 super
1019 971 1062 1039 li-

77 1093 144 1140 nea
166 1068 328 1158 positum,
349 1065 451 1136 modo
472 1065 507 1135 in
528 1066 580 1136 od
598 1068 658 1138 1⁵7
678 1065 952 1156 infrascriptum
967 1069 1062 1144 nerle
1151 1121 1157 1138 .

79 1166 307 1262 propellebat,
329 1163 430 1234 modo
451 1162 485 1233 in
501 1164 588 1254 Syro
608 1185 771 1232 unacum
784 1164 881 1239 ndr'le
893 1166 1062 1256 interibat,

78 1267 182 1338 modo
203 1267 308 1334 in-nc
331 1263 463 1356 alioque
484 1274 563 1354 post
575 1263 671 1338 eada
687 1265 983 1352 transponebatur:
1004 1264 1064 1334 de·

79 1366 190 1438 leatur
218 1386 312 1456 ergo.

142 1607 176 1658 v.
193 1584 240 1654 ll.
267 1585 378 1655 letina
390 1594 482 1652 reete
498 1584 593 1653 abest
607 1606 626 1653 a
642 1582 766 1654 otone.
794 1582 849 1652 Ex
865 1583 1061 1675 lp.Mettb.
1084 1597 1087 1606 '

80 1687 134 1772 26,
149 1693 191 1756 20
211 1683 321 1757 Maro.
336 1687 385 1768 14,
401 1683 439 1752 17
462 1702 563 1770 super
579 1681 667 1751 linea
681 1683 828 1772 positum
841 1684 965 1774 fuisse,
985 1683 1064 1754 inde

76 1789 150 1869 jam
178 1794 291 1874 patet,
323 1781 416 1878 quod
441 1781 529 1850 infra
554 1781 718 1871 seriptum
742 1784 896 1862 ἆπὸςολοι
923 1785 958 1852 in
985 1783 1064 1858 edd.

82 1905 136 1952 nx
157 1883 255 1956 Eas
277 1880 467 1951 excidebat.
502 1879 618 1949 Minus
640 1892 752 1949 autem
770 1881 946 1953 omittendi
962 1905 1065 1974 quam

83 1979 228 2052 addendi
248 1981 359 2052 Mune
379 1999 482 2048 causa
501 1976 708 2070 intelligitur.

143 2119 178 2171 v.
192 2099 241 2164 la.
267 2095 340 2168 'eblo
357 2091 394 2165 ro*
410 2093 558 2196 nailque,
581 2091 629 2162 ita
650 2093 792 2164 emenda
812 2094 1001 2168 seeundum
1022 2093 1066 2170 e'l.

84 2215 160 2267 oce.
176 2219 180 2226 “
198 2192 351 2288 Vulgaris
368 2191 451 2260 ordo
467 2214 485 2262 e
500 2190 521 2260 l.
534 2213 567 2280 p.
577 2190 701 2261 Matth.
712 2193 812 2282 26‚³9
833 2193 943 2262 Mare.
954 2193 1067 2282 ines.

145 2331 180 2384 v.
193 2311 246 2386 63.
271 2305 358 2388 enlin
387 2304 585 2376 auctoritate
600 2304 650 2383 el.
672 2328 747 2388 oco.
766 2327 894 2396 repone
914 2303 990 2374 loeo
1011 2303 1067 2379 riv

82 2413 196 2488 Ἰησῦν,
223 2431 295 2498 quae
323 2418 376 2475 est
404 2404 635 2494 interpretatio
656 2424 751 2494 aeque
772 2415 875 2495 atque
896 2425 927 2473 r.
943 2405 985 2474 62
1007 2403 1068 2474 ad-

82 2509 156 2577 dita
179 2507 316 2574 verbao‘
331 2507 469 2602 siligne(
597 2533 603 2570 ,¹
642 2577 645 2584 ¹

145 2627 179 2678 v.
194 2605 246 2677 64.
273 2601 400 2704 Aigov‘lrt
416 2600 469 2674 ani
483 2601 732 2701 mgtmddar'lrc
747 2597 834 2674 erilis
853 2601 1000 2700 impellor
1014 2605 1066 2671 λί-

84 2701 196 2794 pnv‘ltn
221 2701 268 2770 ita
290 2721 308 2768 e
329 2699 353 2774 f.
376 2704 436 2768 afr.
460 2697 630 2788 emendari
657 2710 799 2789 oportet.
840 2699 950 2768 Probe
977 2700 1068 2767 enirn

84 2799 301 2892 intelligitur,
330 2819 390 2867 cur
410 2799 515 2867 verba
534 2785 652 2875 i'lvrr‘lou
678 2797 756 2870 all&
779 2791 817 2867 ud
840 2795 993 2894 reginensi
1018 2797 1072 2867 aui

87 2910 221 2987 assuta,
242 2919 313 2965 non
333 2918 427 2984 vero,
449 2917 509 2965 eur
524 2895 650 2966 omissa
662 2897 739 2966 sint.
775 2895 941 2965 Nimirum
958 2896 1068 2986 primo

85 3104 105 3151 e
128 3079 152 3155 l.
175 3101 207 3168 p.
228 3076 338 3152 Mare.
355 3080 410 3165 11,
426 3080 466 3148 65
489 3089 619 3148 tantum
637 3076 686 3148 ita
706 3074 952 3169 corrigebaturt
980 3023 1070 3152 adlit

84 3205 360 3359 ἓηῖξῖἴποιζηᾰᾳ
387 3258 471 3330 cdl
493 3254 649 3350 aliiques
670 3259 781 3327 Arabs
811 3269 845 3326 et
874 3253 987 3326 Sahid.
1016 3239 1070 3326 ire-
1106 3277 1110 3284 ’

87 3363 243 3464 gemit·
261 3359 339 3435 solt
353 3357 390 3430 τδ
405 3360 560 3458 ngo'romr
573 3351 719 3459 engilin
734 3354 907 3428 exhibent.
938 3353 1071 3444 Deinde
1166 3431 1167 3434 Ἴ

88 3457 185 3552 quod
205 3457 332 3556 ligorius
352 3478 527 3546 perperam
549 3457 592 3526 ad
612 3453 868 3524 antecedentem
884 3451 1072 3521 orationem

87 3553 304 3644 trahebatur,
336 3575 517 3644 censores,
548 3551 736 3622 desiderato
769 3551 872 3620 verbo
903 3548 1068 3636 cadendi,
1157 3544 1159 3553 '

86 3645 486 3754 intemperamenti&
507 3631 742 3722 adscribebant
762 3649 866 3718 verba
879 3644 983 3728 alili,
1003 3635 1071 3720 iiv-

85 3749 160 3828 ar'lov
182 3751 273 3836 (sive
291 3763 368 3841 post
380 3745 533 3850 regimur
547 3749 581 3818 in
596 3770 635 3817 n:
655 3740 772 3828 linarias
788 3746 893 3824 utilit,
913 3744 1072 3836 idemque

87 3844 333 3940 compensandi
353 3850 463 3942 gratia
475 3842 602 3948 bigartu
617 3846 810 3938 expunxit),
831 3855 908 3913 ante
922 3845 1071 3943 bugellet

89 3948 373 4033 conjunctionem·
388 3947 442 4019 ml
458 3959 493 4016 et
513 3957 591 4038 post
611 3944 756 4045 magdiel
772 3964 958 4033 pronomen
972 3943 1071 4020 ai‘lo'r.

89 4046 221 4118 Sensus
237 4067 282 4116 ex
294 4058 411 4116 nostra
426 4041 660 4116 emendatione
673 4043 808 4114 nativus
824 4040 948 4118 existit.
982 4041 1072 4112 Nam
