2616 4598
1274 160 1275 206 i

235 285 296 356 aas
690 337 695 348 p
905 287 1021 340 uti-av.
1037 288 1208 338 comunis

236 429 365 524 iuquit,
390 426 495 498 inulta
509 427 581 509 jam
598 423 758 496 adessent
775 415 969 490 habitacula
984 417 1018 484 in
1037 417 1141 486 domo
1157 437 1212 507 pa·
1276 485 1277 528 1

238 532 318 618 tris,
339 527 485 596 dicerem
503 524 616 610 vobis,
638 544 692 590 rne
711 516 884 609 proficisci
903 513 947 584 ad
965 515 1080 586 iocum
1098 537 1213 604 parau-
1276 543 1277 564 r

238 627 327 696 dum.
370 625 507 694 Summa
533 621 736 713 benignitate
764 638 823 688 eos
851 615 897 686 ita
928 614 1213 702 consolaremur,
1277 693 1278 696 Ἴ

237 739 276 796 ut
304 746 345 792 nc
370 745 453 810 opus
480 719 616 810 quidem
643 717 716 786 fore
742 715 819 786 loca
835 714 965 804 parari,
995 712 1056 784 sed
1075 733 1117 780 ea
1138 711 1212 802 ipsis

239 845 315 892 csse
335 823 415 890 satis
437 816 612 906 explorata
632 838 672 884 ac
692 829 785 885 certa
802 826 968 886 moneret.
1006 811 1058 882 Ob
1078 833 1212 896 pravam
1278 812 1279 832 *

238 916 546 1008 interpretationem
571 913 698 982 sactum
722 933 797 982 esse
825 910 976 999 videtur,
1005 922 1043 978 ut
1067 903 1115 984 tn
1142 921 1212 978 ante
1279 973 1280 984 ,

140 1079 145 1092 .
238 1018 419 1118 πομύομιι,
448 1012 539 1103 quod
566 1009 608 1085 et
629 1031 703 1084 occ.
725 1021 818 1078 recte
842 1008 960 1098 habet,
987 1009 1023 1078 iu
1046 1005 1091 1084 ci.
1112 1029 1161 1076 or.
1183 1020 1213 1076 et

240 1113 320 1182 hino
339 1116 372 1181 in
393 1111 484 1180 libris
506 1109 677 1200 impressis
699 1106 919 1180 interciderit.

300 1247 331 1292 v.
350 1232 401 1300 11.
427 1225 505 1300 :obri
521 1236 555 1294 et
575 1236 728 1292 extremo
753 1232 921 1292 commate
944 1251 999 1310 pu
1019 1223 1216 1290 auctoritate

240 1325 317 1411 Syri
333 1321 420 1392 dior.
443 1336 477 1392 et
498 1322 633 1392 testium
653 1320 762 1397 occid.
781 1320 946 1406 (Tertull.
964 1317 1118 1406 nitar),
1138 1340 1217 1386 con·
1281 1357 1282 1362 =

239 1423 458 1496 sentientibus
482 1420 610 1510 aiiquot
627 1419 703 1494 cdd.
722 1443 792 1512 gn,
816 1431 1065 1510 expungantur.
1099 1415 1216 1486 Cedo

238 1520 319 1594 adiri
336 1541 396 1608 pro
412 1520 494 1596 adii
512 1517 667 1604 exhibet,
689 1517 781 1609 quod
802 1539 868 1586 ev.
882 1527 922 1586 10
940 1514 1145 1606 depromsit,
1162 1515 1217 1583 ubi

240 1617 329 1688 idem
348 1614 391 1688 eei
406 1608 487 1716 ipen
503 1619 579 1692 adid
602 1616 802 1706 scripserat:
833 1615 912 1684 hino
940 1615 1088 1708 vulgaris
1121 1611 1218 1682 lectio

240 1713 293 1788 did
307 1713 351 1786 τοὶ
368 1704 446 1813 ipe
462 1709 540 1792 adid
557 1714 707 1803 proseuta
720 1735 795 1784 esse
811 1714 954 1784 videtur.
987 1711 1142 1782 Alterum
1157 1741 1222 1801 μοι,

242 1813 333 1904 qnod
355 1816 395 1882 ab
418 1834 468 1882 oc
487 1820 529 1882 ³3
553 1811 703 1902 pluribus
729 1813 804 1883 intt
831 1825 923 1882 recte
949 1814 1063 1900 abest,
1092 1812 1220 1880 incom·
1284 1788 1285 1840 ¹

240 1910 340 1980 mode
366 1910 467 2002 vulgo
489 1911 696 2000 esuperi'ore
721 1909 1063 1999 oratione-repetitur.
1107 1910 1221 2000 oppa
1285 1952 1286 2014 p

241 2019 367 2074 nuntur
386 2007 490 2096 ipsius
511 2007 737 2078 testimonium
756 2003 906 2090 (erudiit
919 2037 991 2096 por,
1010 2000 1073 2088 dir)
1096 2020 1131 2076 et
1147 2019 1222 2076 acta
1285 2025 1286 2048 ¹

243 2093 375 2204 (ἔργα),
396 2127 469 2195 qnae
487 2104 588 2174 fidem
606 2104 804 2194 concilient,
824 2127 863 2176 ae
881 2105 915 2173 in
933 2117 1028 2195 patre
1043 2116 1078 2173 et
1092 2117 1222 2194 patrem
1286 2116 1287 2206 i

190 2282 192 2306 Ι
240 2203 364 2292 inipso
380 2223 472 2274 esse:
494 2215 699 2294 quapropter
712 2203 883 2274 sentffltic
896 2213 1085 2294 repugnat,
1106 2202 1221 2274 iterari

242 2331 297 2390 μοι
315 2302 349 2368 in
368 2298 473 2370 altero
497 2301 620 2388 inciso,
647 2322 716 2391 quo
737 2301 788 2370 vis
808 2299 927 2389 prioris
945 2330 1001 2389 pm
1018 2300 1223 2370 diminuere·
1287 2278 1288 2368 i

243 2411 306 2468 tun
352 2398 428 2488 Quo
452 2401 577 2485 ejecto,
598 2397 817 2469 subaudiatur
842 2400 1033 2488 eproxima
1055 2402 1223 2468 oratione:

242 2490 288 2571 tt
305 2495 361 2582 iod
378 2504 403 2568 b
419 2501 465 2586 τῷ
479 2497 570 2598 enipi
587 2527 616 2568 e.
633 2529 666 2569 r·
681 2515 732 2577 a„
753 2495 844 2590 quod
863 2497 973 2588 ipsum
991 2509 1064 2568 erat
1085 2496 1223 2569 demon-

244 2594 429 2666 strandum.
1190 2619 1194 2638 ⁶

304 2697 400 2764 v.1d.
430 2691 505 2764 Hoc
530 2715 663 2763 comma
686 2715 807 2764 vereor
830 2715 873 2764 ne
899 2707 937 2764 ut
961 2707 1152 2764 memoratu
1175 2693 1224 2763 di-

243 2789 442 2882 gnissimum
471 2813 515 2860 ex
543 2789 762 2862 antecedente
789 2814 808 2860 a
832 2793 888 2879 pio
918 2793 1066 2882 quodam
1094 2792 1225 2862 lectore

243 2889 385 2980 margini
414 2889 637 2979 adscriptum,
664 2901 741 2981 post
764 2889 938 2958 contextui
959 2888 1158 2974 adjunctum
1171 2890 1227 2958 sit.

246 2985 418 3056 Omittitur
442 3010 461 3056 a
482 2987 574 3076 Syro
594 2987 681 3056 bier.
708 3009 775 3054 uno
806 3008 850 3054 ex
873 2987 951 3061 cdd.
972 2987 1014 3062 It.
1036 3001 1071 3057 et
1093 3003 1229 3080 septem

245 3081 321 3153 cdd.
337 3105 387 3172 gr.
402 3082 455 3157 (in
471 3085 592 3173 quibus
608 3097 687 3154 sunt
703 3104 728 3152 x
742 3094 769 3151 1.
781 3091 849 3172 22),
867 3109 886 3154 a
901 3083 1022 3174 Chrys.
1037 3099 1071 3154 et
1086 3087 1229 3160 Nonno.

245 3176 310 3248 Sed
330 3181 362 3247 in
381 3179 460 3270 ipsis
478 3179 571 3270 cdd,
593 3181 651 3272 qui
671 3182 804 3274 quidem
823 3181 880 3252 itta
894 3183 999 3253 verba
1013 3196 1230 3273 agnoscunt,

244 3275 369 3347 indicia
387 3275 449 3346 tria
467 3277 548 3348 mihi
567 3281 758 3369 perspicere
777 3280 912 3369 videor,
934 3304 1004 3370 qua
1018 3280 1156 3351 aliunde
1169 3304 1232 3349 as-

246 3385 323 3441 suta
343 3394 417 3442 esse
443 3388 600 3466 arguant:
630 3379 772 3464 primum
791 3377 826 3447 in
847 3379 988 3450 vetustis
1009 3379 1230 3449 documentis

225 3467 359 3538 addito
382 3468 437 3540 eal
457 3485 534 3540 ante
560 3475 607 3544 tau
625 3504 658 3545 τι
685 3474 906 3562 inducuntur,
938 3476 1232 3566 quemadmodum

246 3565 353 3636 aliena
373 3567 476 3635 verba
491 3589 574 3658 sape
592 3568 800 3651 inseruntur3
824 3572 943 3642 deinde
964 3596 1054 3664 aque
1075 3596 1116 3642 ac
1137 3597 1170 3640 v.
1189 3579 1233 3640 13

244 3661 343 3731 lectio
366 3663 523 3753 fluctuat,
552 3659 639 3736 imde
663 3669 833 3756 probabile
856 3671 911 3758 fir,
940 3669 1032 3739 illinc
1052 3671 1146 3738 varie
1165 3669 1234 3740 ad-

245 3759 372 3848 scripta
395 3760 523 3830 fuisse:
551 3787 629 3832 nam
658 3787 690 3838 v.
707 3772 744 3832 14
766 3765 812 3836 ibe
827 3759 859 3847 ἕ,
875 3798 908 3840 τι
922 3758 974 3847 ἅν,
1000 3766 1055 3834 vel
1071 3761 1156 3856 dide
1179 3767 1235 3836 le-

244 3855 354 3944 gitur,
380 3870 458 3946 post
473 3859 594 3936 aiiirnir
612 3882 679 3928 non
700 3863 807 3956 magis
827 3873 912 3938 v.13
928 3853 1030 3954 uuam
1051 3888 1084 3933 v.
1098 3869 1139 3932 tt
1162 3887 1235 3934 seu

245 3980 285 4036 με
302 3973 362 4020 seu
378 3952 466 4028 'crdidi‘
490 3976 550 4026 Seu
575 3954 628 4028 adr
650 3958 762 4058 rodigo
786 3960 849 4042 (ex
870 3964 1044 4051 c.16‚23)
1070 3960 1236 4051 additur,
