2616 4598
75 373 185 428 cartu
208 373 284 424 xxr.
308 373 399 425 xxrr.
994 358 1054 424 276
1133 363 1138 378 ’

75 503 216 576 alterius
240 499 447 592 appellandi3
467 521 535 570 non
557 498 669 570 mirari
689 521 757 570 non
779 525 927 594 possum.
964 501 1054 600 Quis*

74 603 167 671 enim
187 599 316 688 nescit,
345 598 380 667 in
401 600 501 668 vinea
523 598 794 671 commodissime
815 603 898 674 duos
920 607 1056 694 operati

73 708 202 790 posse?
216 735 257 752 -
278 697 318 768 ln
340 694 567 767 additamento
587 701 624 776 εἷς
640 695 692 770 rob
706 693 887 789 ἆμπελὸίαι,
910 702 1001 792 quod
1016 702 1052 770 in
1082 733 1085 748 ·

72 796 182 867 multa
203 796 412 894 correctione
434 795 531 866 facile
552 795 693 887 interiit,
719 799 774 876 cd.
793 824 844 894 gr.
866 821 888 868 n
911 801 952 870 lt.
976 803 1052 879 cdd.

73 897 212 988 plures,
240 894 335 990 Orig.
358 907 392 965 et
411 899 507 970 Arm.
530 918 606 964 cum
628 895 701 985 Syr.
724 898 806 967 hier„
828 901 1053 976 consentiunt.

74 993 263 1065 Posterinri
278 991 354 1064 loco
367 992 483 1085 utique
494 993 746 1064 convenientius
761 1009 813 1066 est
826 1021 926 1088 quam
939 999 1053 1089 priori.
1113 1035 1121 1052 0

135 1112 169 1160 v.
186 1097 238 1163 43.
265 1080 362 1171 ἔθνει,
391 1091 483 1182 quod
505 1115 525 1162 a
547 1096 634 1182 Syro
660 1091 745 1162 hier.
773 1095 870 1164 abest
897 1109 932 1166 et
955 1097 1054 1168 facile

74 1186 156 1260 eddi
182 1199 332 1278 poterat,
357 1209 423 1258 neo
449 1189 484 1258 in
511 1188 671 1282 singulari
702 1189 871 1261 sententia
892 1194 978 1264 bene
999 1216 1053 1263 re·
1120 1187 1124 1194 ’

74 1287 235 1378 spondet,
257 1301 452 1378 suspectum
473 1301 537 1358 est·
1054 1321 1058 1328 ·

78 1407 81 1416 ’
136 1407 170 1454 v.
186 1385 238 1464 116.
266 1389 303 1463 εἷς
318 1408 379 1475 pto
397 1391 449 1468 dt,
472 1386 563 1480 quod
584 1407 604 1456 e
624 1412 656 1461 v.
671 1390 712 1458 26
726 1386 897 1458 invectum
909 1387 1055 1478 videtur,

74 1483 140 1556 ef.
166 1483 228 1558 afr.
249 1486 309 1568 (an
332 1493 361 1555 1.
381 1486 441 1569 22)
462 1506 600 1576 repone.
639 1485 761 1556 Nullus
783 1485 858 1556 cdd.
880 1485 915 1555 in
936 1485 1054 1556 eadem

74 1580 221 1651 formula
238 1604 268 1656 c.
285 1583 336 1670 tt,
350 1587 381 1657 5.
403 1591 454 1672 21,
469 1585 511 1655 26
532 1587 568 1666 ὦς
586 1581 621 1652 in
640 1587 678 1661 εἰς
698 1596 824 1653 temere
843 1597 974 1655 mutare
995 1608 1054 1652 au-

76 1701 139 1750 sus
162 1692 225 1749 est
265 1680 437 1750 Audacter
458 1680 593 1772 quidem
614 1680 817 1751 Fritzschius
837 1704 868 1772 p.
883 1683 944 1752 650
965 1681 1054 1751 hano

77 1778 281 1868 scripturam
302 1778 483 1850 absurdam
504 1801 578 1850 esse
600 1792 718 1850 contra
733 1780 882 1868 Griesb.,
905 1780 962 1871 qui
979 1802 1054 1849 eam

74 1889 151 1946 tam
169 1875 275 1965 perite
290 1897 391 1966 quam
403 1877 555 1948 modeste
569 1877 605 1946 in
619 1875 769 1968 margine
785 1876 955 1965 exhibuit,
976 1900 1054 1966 pro-

75 1972 254 2044 nuntiavit.
296 1973 362 2044 Sed
380 1987 513 2066 reputet
532 1995 649 2045 seeum
671 1973 787 2061 velim,
814 1972 856 2044 ad
879 1995 919 2042 ea
938 1975 1055 2067 verba,

3 2066 4 2070 ’
78 2069 281 2163 quibuscum
302 2073 490 2155 subjectum
511 2085 546 2141 et
566 2071 738 2152 objectum
752 2070 786 2138 in
801 2069 931 2159 duplice
945 2074 1055 2140 norni-

3 2203 4 2206 ¹
76 2171 193 2242 nativo
213 2171 269 2241 vel
291 2170 484 2240 accusativo
500 2168 597 2262 jungi
618 2167 767 2257 soleant,
788 2169 956 2250 objectum
974 2190 1055 2237 cum

4 2295 5 2304 ¹
77 2269 312 2360 praepositione
333 2273 370 2346 εἰς
392 2265 562 2372 eleganter
575 2267 713 2358 apponis
738 2267 791 2337 adi
807 2279 912 2336 nostr.
926 2279 995 2335 not
1010 2265 1055 2334 ad

4 2369 6 2406 ἕ
76 2369 288 2456 Romule.
324 2367 377 2436 Ne
399 2364 566 2456 peculiare
587 2367 722 2458 quidem
742 2365 1056 2456 quidquaminhoo
1155 2381 1183 2394 ’·

4 2467 6 2506 ²
76 2474 201 2557 praeter
231 2478 360 2534 ceteras
394 2463 530 2556 linguas
552 2485 663 2553 grace
689 2474 752 2535 cst.
793 2462 847 2532 stc
874 2463 962 2532 enim
989 2487 1053 2534 nos

4 2565 8 2602 '¹'
78 2563 241 2634 dicimus:
267 2563 327 2633 das
355 2563 469 2654 grinte
489 2559 600 2629 Recht
626 2561 713 2630 wird
733 2553 792 2629 ¹oft
816 2585 894 2630 zum
914 2563 1054 2654 griisten
1148 2599 1152 2610 -

5 2691 7 2700 ’
77 2669 158 2743 (seu
179 2659 239 2745 das
259 2661 395 2755 grbste)
416 2656 578 2733 Unrccbt
615 2659 736 2748 Neque
757 2657 852 2726 aliter
872 2661 990 2727 Cicero
1009 2659 1053 2728 N.

5 2763 6 2798 ³
77 2760 120 2835 Ι).
143 2767 177 2847 1,
197 2759 258 2828 ll:
286 2756 421 2841 „omnis
447 2755 483 2828 in
504 2755 736 2828 imbecillitate
763 2768 815 2826 est
835 2769 870 2829 et
890 2756 998 2848 gratia
1019 2769 1055 2826 et

5 2859 8 2898 ²·
79 2856 242 2928 oaritas.-“
592 2903 594 2910 -
741 2865 745 2875 '

6 2981 8 2988 ’
477 2977 512 3046 0.
535 2974 656 3050 XXII.

137 3096 173 3145 v.
187 3079 239 3143 30.
258 3072 440 3161 ’γαμίζονῖαι
454 3073 595 3144 emenda
609 3072 793 3146 seeundum
808 3069 848 3142 cl.
866 3080 938 3140 ooo.
970 3069 1056 3139 Pra-

7 3179 8 3190 ’
76 3170 200 3262 positio
223 3177 253 3240 te
273 3169 405 3253 adjecta
425 3183 483 3240 aut
503 3171 732 3242 aberrantibus
756 3168 861 3239 oeulis
882 3169 996 3236 literas
1018 3167 1056 3236 in

7 3287 8 3360 j
78 3284 300 3342 otwntttz.
328 3268 415 3337 male
444 3267 744 3363 distinguentibus,
778 3287 882 3358 quare
904 3261 1056 3333 nonnulli

7 3381 9 3450 ζ
77 3389 164 3439 sane
185 3366 393 3458 ἰηιμίζονῖαι
413 3366 553 3456 habent,
574 3365 663 3435 unde
684 3367 822 3454 ἐκγαμίζ.
844 3373 973 3450 ortum‚
998 3373 1057 3430 aut

77 3485 98 3534 e
112 3464 137 3535 1.
152 3486 185 3554 p.
199 3465 279 3534 Luc.
295 3475 348 3554 20,
361 3471 419 3553 36,
440 3465 529 3534 unde
551 3465 651 3537 etiam
669 3463 704 3532 in
717 3463 826 3538 Marc.
844 3467 951 3551 1²,25
970 3483 1057 3529 non·

8 3573 9 3578 ’
77 3559 166 3630 nulli
186 3569 298 3651 leyen.
321 3566 538 3652 scripserunt.

8 3657 9 3664 ’
141 3680 173 3727 v.
187 3661 238 3730 46.
270 3660 401 3730 Griesb.
416 3659 622 3751 aliorumque
637 3658 731 3748 edd,
755 3681 823 3727 non
843 3652 986 3746 exeept‘a
998 3675 1057 3721 no·

77 3754 221 3824 tissima
244 3755 408 3845 Scholzii,
438 3759 568 3830 variant
592 3759 626 3827 in
649 3771 828 3848 augmento
854 3755 947 3824 verbi
967 3749 1056 3823 Μνα-

78 3859 175 3933 abac,
197 3851 254 3922 hic
275 3866 310 3922 et
330 3853 505 3945 aliquoties
527 3859 626 3934 (Act.
640 3859 693 3943 26,
707 3863 751 3927 32
770 3855 827 3923 ubi
848 3875 879 3920 v.
900 3863 1015 3919 notam
1037 3857 1054 3916 1

80 3950 164 4024 cor.
178 3959 210 4039 3,
225 3950 264 4034 2)
285 3954 445 4041 elbidum,
466 3954 582 4044 saepius
603 3953 748 4043 ibidum
770 3949 979 4021 exhibentes.
1014 3944 1057 4018 ln

79 4046 136 4122 bis
158 4045 241 4126 locis
264 4061 298 4123 et
322 4051 359 4124 in
377 4051 488 4132 Maro.
503 4056 534 4143 l,
549 4057 599 4126 3³.
620 4057 688 4145 5st
708 4049 838 4123 variant
860 4043 937 4122 libri
954 4065 1058 4124 manu
