2608 4582
222 333 270 399 lb

222 482 326 552 noem
353 499 399 551 ex
432 477 568 551 iislibria
584 499 760 568 manasse,
782 499 869 572 quos
885 479 1156 554 Constantinus
1189 483 1243 558 Μ.

220 603 301 651 enm
312 579 451 650 Eusebii
462 579 613 670 episcopi
625 579 844 650 Cesareenais
863 582 926 664 (v.
942 577 1072 651 Euaeb.
1087 581 1142 651 de
1163 583 1244 651 vita

219 679 431 754 Constantini
447 677 506 747 IV.
531 681 611 760 ³6.)
626 689 660 748 et
669 680 835 750 Constans
846 679 1139 752 ouraelthanasii
1159 687 1242 774 epi·

221 777 316 868 soopi
337 776 550 846 alexandrini
567 780 625 862 (v.
641 775 823 846 Athanasii
837 777 1038 866 Apologiam
1057 780 1106 850 ad
1127 781 1241 850 Con-

221 875 384 947 stantium
403 877 428 958 i.
443 876 496 954 t.)
513 873 687 966 eleganter
707 885 743 942 et
760 887 919 944 aoenrate
941 875 1093 948 describi
1121 892 1172 950 et
1203 881 1240 948 in

219 974 392 1062 Europam
428 973 517 1044 mitti
536 972 712 1056 jusserint.
765 971 939 1044 Immerito
975 988 1071 1044 oerte
1106 978 1240 1048 editio

219 1070 391 1142 orientalis
414 1083 573 1162 tanquam
592 1091 711 1140 reeens
730 1069 865 1140 inventa
877 1071 996 1163 sepius
1015 1081 1237 1146 contemtui

219 1169 338 1242 habita
356 1181 420 1241 est.
460 1169 579 1242 Prisca
595 1169 797 1240 documenta
809 1171 1013 1260 eoncordia,
1031 1163 1170 1262 patres
1199 1188 1238 1244 et

219 1271 444 1360 interpretes,
463 1269 659 1361 frequenter
668 1268 854 1338 reticentur
859 1319 872 1360 ,
885 1283 923 1339 ut
937 1291 1009 1362 qua
1016 1292 1099 1342 oum
1108 1286 1235 1346 textu

223 1368 410 1440 seeundum
424 1367 605 1438 editionem
619 1366 816 1437 orientalem
831 1368 1047 1457 potissimum
1064 1387 1231 1464 recepto

222 1467 368 1538 conferri
382 1465 482 1538 solita
496 1477 611 1555 erant,
633 1465 723 1534 unde
741 1487 858 1536 eorum
869 1467 1117 1558 discrepantia,
1145 1494 1232 1541 non

222 1567 403 1640 oonsentio
421 1564 522 1652 vulgo
539 1565 775 1642 annotabatur.
814 1565 943 1637 Verum
958 1579 1069 1636 tamen
1087 1590 1135 1638 en
1158 1570 1231 1640 ali-

222 1678 309 1756 quot
327 1664 485 1756 exempla
492 1713 505 1752 ,
524 1663 559 1734 in
586 1662 707 1754 quibus
724 1685 792 1734 una
814 1663 916 1732 editio
934 1663 1108 1736 orientalis
1134 1689 1230 1737 eum

221 1762 465 1854 antiquissimis
489 1763 636 1834 testibus
663 1761 832 1831 convenit
875 1761 973 1854 Legit
994 1761 1116 1834 elassis
1148 1767 1228 1837 ori·

220 1860 340 1932 entalis
356 1864 435 1931 Aet
449 1863 488 1952 7,
501 1867 542 1934 39
553 1881 633 1930 eum
654 1859 780 1932 Irenao
798 1868 839 1958 τῇ
849 1865 986 1964 aprile,
1006 1870 1021 1930 1
1036 1867 1113 1936 Cor.
1127 1871 1156 1934 3
1162 1915 1178 1955 ,
1192 1875 1225 1939 1.

219 1960 288 2030 und
311 1981 389 2030 oum
411 1959 581 2028 clemente
610 1957 719 2046 alea,
735 1959 901 2051 Origene,
921 1959 1112 2053 cypriano,
1136 1967 1225 2034 Au.

223 2058 360 2142 guatino
380 2063 455 2150 ninii
476 2065 630 2142 antima
656 2067 671 2126 1
696 2057 774 2130 Cor.
793 2067 883 2147 9,1.
902 2058 1060 2150 agnoseit
1083 2083 1225 2134 vocem

216 2155 319 2262 inpie
342 2179 420 2227 oum
444 2169 580 2230 vetusta
604 2153 821 2227 translatione
838 2155 1024 2249 Pesobito3
1052 2179 1084 2234 o.
1096 2167 1164 2251 1ο,
1190 2172 1223 2232 1.

218 2281 299 2330 oum
322 2257 441 2326 eadem
468 2255 639 2328 substituit
659 2261 695 2328 nl
720 2253 798 2324 loon
813 2252 859 2346 ,ά
884 2303 895 2342 ,
916 2277 948 2326 e.
962 2262 1020 2344 11,
1044 2257 1098 2329 34.
1127 2279 1224 2332 oum

218 2357 338 2428 eadem
346 2369 381 2426 et
388 2356 560 2426 Clemente
573 2352 661 2424 alex.
669 2353 837 2439 arfieetum
853 2284 955 2424 babet
966 2359 1009 2427 91.
1033 2355 1072 2424 0.
1088 2357 1141 2446 14,
1161 2368 1224 2436 19.

220 2455 419 2525 membrana
438 2451 590 2544 unciales
618 2474 735 2524 omnes
759 2469 798 2520 ex
821 2474 856 2520 v.
870 2455 928 2540 15,
948 2464 988 2520 ut
1009 2466 1103 2524 reete
1116 2454 1221 2528 Ben-

219 2551 327 2648 gelius
343 2553 494 2643 censuit,
510 2557 557 2644 τᾷ
570 2549 615 2626 rel
624 2580 672 2641 pa
687 2563 932 2635 correxemnt3
947 2565 1066 2624 eontra
1073 2576 1221 2628 smnma

220 2651 402 2745 antiquitas
429 2649 585 2720 lectionis
614 2645 784 2718 orientalis
808 2644 864 2720 nt
893 2655 936 2722 rii
964 2647 1027 2730 veie
1051 2683 1099 2742 μυ
1126 2651 1219 2726 iude

219 2763 336 2841 patet,
356 2749 450 2841 quod
461 2751 496 2822 in
512 2745 578 2820 hoo
592 2747 674 2816 vitio
690 2744 903 2815 librariorum
918 2747 1014 2842 origo
1032 2749 1220 2841 seriptum

156 2913 158 2920 ,
221 2846 274 2924 nai
285 2847 339 2924 vir
351 2848 461 2940 ιέμη,
475 2849 548 2929 jam
562 2843 731 2916 Marcioni
744 2843 834 2934 apud
842 2843 1068 2936 Epiphaniam
1087 2853 1215 2944 eogni-

221 2959 281 3036 ta,
312 2947 402 3018 latet
434 2956 467 3017 9.
481 2948 558 3018 Cor.
573 2957 606 3032 9,
628 2945 796 3020 aolosis
807 2945 977 3017 orientalis
995 2943 1215 3020 additamen-

215 3041 297 3118 'tum
324 3053 377 3127 τῆς
397 3041 561 3138 nauffinna
579 3065 625 3112 ex
645 3041 722 3112 loeo
744 3039 904 3134 parallelo
924 3065 954 3114 e
978 3051 1031 3135 11,
1051 3047 1102 3116 17.
1124 3067 1213 3118 oum

221 3135 394 3218 Peschito'
408 3163 588 3215 commune
616 3140 738 3231 habet,
758 3141 863 3211 Hebr.
880 3148 933 3233 10,
955 3142 1009 3220 bd.
1034 3143 1102 3213 uni
1125 3165 1213 3218 oum

222 3245 394 3316 Clemente
416 3246 504 3313 alex.
522 3248 587 3322 τοῖς
607 3247 724 3332 lieno&
739 3271 787 3332 μυ
805 3238 897 3334 legit.

280 3345 330 3413 At
350 3363 396 3412 ex
411 3339 606 3411 continente
620 3339 708 3410 serie
726 3337 896 3408 variarum
911 3337 1098 3410 lectionum
1108 3339 1212 3412 luou-
1287 3396 1292 3402 .

220 3441 345 3513 lentius
362 3437 558 3530 apparebit,
575 3448 652 3507 utra
666 3435 786 3508 classis
801 3436 960 3506 codicum
971 3436 1211 3528 primigeniam

223 3539 406 3610 editionem
431 3533 569 3626 propius
591 3532 733 3604 aooedat
754 3546 791 3603 et
809 3533 960 3604 erebrius
978 3549 1209 3626 representet.

222 3637 345 3730 Itaque
368 3633 611 3706 Griesbaohius
634 3633 671 3703 in
695 3630 865 3718 Symbolia
890 3631 1024 3704 Critieis
1047 3633 1128 3703 Vol.
1154 3633 1207 3706 ll.

223 3762 256 3829 p.
280 3741 353 3812 699.
370 3755 571 3822 recensens,
598 3731 729 3824 quoties
752 3731 788 3799 in
807 3731 947 3820 epistola
967 3731 1010 3800 ad
1030 3733 1206 3805 Romanos

221 3849 258 3906 et
273 3835 386 3927 priore
401 3831 444 3904 ad
454 3829 647 3904 Corinthios
659 3827 788 3900 familie
800 3829 946 3898 africana
957 3840 992 3898 et
1005 3827 1109 3900 latina
1120 3851 1205 3899 oon-

215 3935 362 4021 junctim
382 3931 437 4002 vel
449 3932 535 4003 bene
551 3928 607 4000 vel
621 3927 715 4000 'male
733 3927 902 4020 legerent,
922 3928 1047 4018 reperit
1071 3926 1202 3999 LVIII.

220 4037 357 4121 firmas,
372 4030 498 4103 LXIV.
505 4026 697 4121 probabiles
712 4041 748 4100 et
758 4025 854 4100 XLI.
865 4048 937 4106 non
946 4024 1202 4116 improbabiles,
