2616 4598
235 331 295 396 812
972 343 1016 392 an
1034 344 1091 390 nv.
1106 343 1227 392 unncr

236 501 314 570 sqq.
329 473 621 548 etSchulthessius
637 470 670 539 in
686 467 1002 560 ephemeridKeilii
1014 471 1224 540 ethschir-

234 581 309 648 neri
330 575 517 646 Analecten
539 572 651 662 111,s
672 592 705 660 p.
720 579 780 642 109
802 573 905 661 sqq.“
926 573 928 585 '
949 569 1066 662 Quum
1088 588 1109 638 u
1133 595 1224 640 unus

235 682 386 746 omnium
415 673 494 748 cdd.
516 693 568 766 gr.
597 669 655 760 qui
682 669 852 758 supersint
873 679 914 738 et
941 667 1071 758 antiqui
1102 669 1222 737 nescio

236 774 354 866 quales
375 773 410 841 in
430 769 569 842 scholiis
577 768 614 852 ⁴)
636 777 767 836 tantum
786 767 964 836 memorati
983 767 1055 856 (ap.
1075 767 1224 860 Gregor.

234 873 339 962 Nyss.
361 893 412 945 or.
436 870 469 938 ll
497 867 540 936 de
566 886 692 940 resurr.
713 877 748 934 et
768 887 821 953 sp.
841 865 981 940 Hieron.
1024 869 1151 960 Quaest.
1181 867 1225 938 ad

234 971 354 1042 Hedib.
370 967 472 1054 ΙΙΙ),
494 977 652 1056 praterea
671 967 843 1034 Armenus
865 987 929 1036 ms.
949 978 984 1035 et
1003 967 1118 1036 Arabs
1140 967 1224 1036 vati·

236 1090 342 1148 canus
360 1067 460 1136 istam
481 1063 674 1154 pericopem
696 1062 888 1151 omiserint,
916 1086 1026 1155 neque
1047 1065 1221 1136 Eusebius

212 1159 215 1171 ’
235 1165 325 1236 ultra
338 1189 370 1234 v.
386 1175 406 1234 8
427 1183 576 1234 canones
592 1157 815 1251 adscripsisse
829 1160 1064 1253 perhibeatur3
1086 1165 1222 1236 Griesb.

235 1265 310 1339 lo.
330 1275 422 1332 recte
444 1261 478 1332 id
500 1260 583 1330 mihi
602 1260 825 1352 perspexisse
853 1260 1006 1350 videtur,
1033 1262 1222 1350 clausulam

236 1361 409 1454 Evangelii
431 1359 544 1430 Murci
571 1371 734 1451 tanquam
761 1360 796 1428 in
823 1357 941 1429 ultima
967 1360 1069 1430 libelli
1097 1366 1221 1454 pagina

236 1462 457 1554 perscriptam
483 1459 520 1528 in
546 1455 610 1527 illis
641 1456 853 1528 documentis
873 1458 1014 1528 fortuito
1036 1461 1222 1535 excidisse.

235 1560 453 1631 committere
483 1557 573 1626 enim
599 1579 669 1626 nou
690 1556 802 1647 potuit
822 1556 1058 1649 Evangelista,
1087 1573 1129 1628 ut
1147 1561 1219 1650 ipse

236 1658 346 1728 verbis
369 1657 504 1747 uorum
521 1656 585 1756 peip
606 1677 691 1746 opus
713 1655 837 1725 finuet.
881 1657 958 1749 Qua
978 1679 1061 1724 vero
1083 1669 1221 1728 senten-

235 1757 282 1828 tia
304 1755 432 1845 posita,
459 1755 671 1826 adversarios
694 1751 870 1842 pericopes
892 1753 979 1843 apud
1000 1776 1039 1824 sc
1060 1769 1222 1847 reputare
1299 1845 1300 1852 ἵ

237 1868 428 1947 oporteret,
449 1856 517 1923 vim
539 1853 728 1947 argumenti
750 1855 792 1922 ab
813 1851 994 1922 omissione
1011 1853 1102 1925 cd.n
1125 1857 1219 1945 petiti

235 1975 439 2047 magnopere
467 1953 573 2022 minui
602 1951 658 2020 vel
686 1949 784 2040 plane
812 1949 960 2042 infringi.
1007 1951 1103 2020 Nihil
1129 1953 1219 2022 enim
1299 1997 1300 2006 ι

236 2053 314 2124 inde
343 2051 530 2146 colligitur,
557 2050 626 2122 nisi
654 2050 696 2119 ab
723 2047 907 2139 exemplari
928 2049 962 2117 in
983 2050 1051 2118 fine
1074 2053 1219 2122 truncati

236 2151 392 2222 codicem
414 2167 433 2217 n
463 2151 673 2241 exscriptum
698 2147 816 2221 fuisse.
857 2151 906 2217 At
929 2148 1004 2216 lieri
1024 2151 1157 2239 potuit,
1184 2163 1221 2218 ut

235 2247 393 2320 versiculi
422 2255 560 2330 9-to‚
592 2269 673 2315 vera
707 2243 858 2315 clausula
892 2247 1036 2334 omissa,
1073 2271 1096 2318 a
1123 2271 1223 2340 pere-

234 2349 332 2440 grina
345 2369 449 2416 manu
462 2343 607 2436 suppleti
620 2344 756 2420 fuerint.
790 2342 901 2435 Quid,
922 2365 1043 2434 queso,
1058 2345 1136 2416 lieri
1151 2371 1217 2417 non

235 2451 371 2535 potestl
399 2443 497 2534 Nego
520 2455 633 2512 autem
655 2461 731 2512 esse
752 2439 897 2512 hominis
915 2465 1091 2514 sacrarum
1105 2445 1219 2516 litera·

235 2565 313 2611 rum
340 2539 500 2627 studiosi,
528 2538 693 2622 ejusmodi
719 2541 933 2622 conjecturas
959 2555 1089 2612 temere
1112 2548 1216 2616 effim-
1298 2609 1299 2628 ,

236 2641 337 2730 dere,
356 2640 393 2709 ni
412 2638 622 2732 grauioribus
644 2638 849 2730 argumentis
864 2640 1023 2710 nitantur.
1058 2643 1216 2736 Namque

235 2763 306 2808 non
327 2737 439 2807 minus
458 2735 609 2829 magisve
631 2738 732 2808 etiam
751 2736 826 2806 lieri
840 2739 966 2829 potuit,
986 2753 1025 2810 ut
1039 2745 1218 2832 particula,

236 2836 279 2906 de
294 2856 362 2926 qua
375 2835 496 2929 agitur,
511 2835 584 2916 jam
599 2834 723 2904 Irenaeo
738 2835 808 2926 Ill,
820 2843 861 2907 lo
875 2839 1028 2930 cognita,
1049 2842 1085 2910 in
1101 2863 1217 2910 exem-

235 2933 382 3026 plaribus
404 2933 439 3001 in
460 2933 527 3001 fine
548 2954 617 3000 non
636 2931 798 3004 mutilatis
816 2935 857 3003 ab
873 2935 967 3004 initio
982 2937 1131 3008 fideliter
1145 2961 1215 3011 ser·

235 3044 315 3102 vata
340 3041 449 3118 esset,
475 3028 532 3099 vel
557 3041 613 3118 ut,
640 3033 671 3102 si
692 3031 750 3122 qui
769 3031 846 3101 libri
866 3055 934 3102 non
962 3033 1148 3126 habereut,
1175 3035 1214 3107 ad
1239 3089 1243 3102 .

236 3145 318 3198 vern
338 3139 373 3198 ct
393 3128 526 3220 integra
547 3128 753 3218 exemplaria
774 3143 1015 3205 resumeretur.
1056 3133 1100 3202 Id
1122 3148 1214 3204 certo

237 3229 327 3316 scio,
350 3227 391 3296 ab
414 3226 597 3298 omissione
619 3225 775 3297 clausule
791 3245 900 3318 neque
915 3228 1081 3318 primitus,
1104 3253 1214 3322 neque

206 3335 210 3340 '
235 3325 397 3412 consilio,
424 3324 485 3394 sed
515 3347 601 3396 casu
624 3319 716 3394 sacta
735 3347 803 3394 non
826 3323 939 3396 valerc
959 3327 1213 3398 conclusionem

234 3421 278 3492 ad
306 3424 378 3504 ejus
405 3423 596 3494 falsitatem.
642 3423 828 3494 laevissima
855 3445 938 3494 vero
963 3437 1068 3520 sunt,
1092 3428 1212 3517 quibus

234 3519 367 3590 Griesb.
391 3519 414 3595 l.
436 3541 466 3590 c.
486 3543 519 3611 p.
534 3525 597 3590 20⁵
613 3542 664 3612 sq.
686 3521 914 3611 suspicionem
934 3535 955 3592 a
975 3521 1066 3592 cds
1090 3537 1125 3592 et
1144 3523 1212 3592 Eua

119 3665 122 3675 ·
233 3616 327 3688 sebio
344 3629 473 3687 motam
486 3618 604 3712 sugeri
617 3618 833 3698 existimavit.
859 3621 1005 3692 Miratus
1017 3634 1070 3692 est
1082 3621 1213 3692 scilicet

248 3869 278 3940 ⁸)
296 3869 430 3927 Monent
446 3880 548 3930 tamen
564 3873 682 3929 scholia
697 3879 809 3944 graeca',
826 3873 857 3930 in
869 3876 1015 3932 accuratis
1030 3885 1060 3932 et
1071 3867 1208 3934 venustis.

297 3955 381 4015 simis
406 3961 490 4018 libris
516 3972 604 4037 atque
627 3964 658 4020 in
679 3965 876 4037 palaestiuensi
899 3962 1065 4038 Evangelio
1091 3975 1205 4024 exstare

299 4066 483 4124 pericopem.

970 4113 1131 4210 Marcum
