2608 4582
206 321 228 388 8

209 467 365 542 codicum
384 477 540 541 nrmrun
561 467 628 538 hoo
641 467 743 537 modo
764 466 992 560 significavit,
1011 487 1099 538 esse
1130 467 1239 540 falso

1281 288 1293 441 l

210 593 281 660 quc
303 568 418 640 addita
435 579 559 638 111111.
600 567 676 636 lmo
701 565 896 658 apocrypha
917 565 1165 655 perhibentur
1193 591 1236 636 er
1288 610 1292 629 .

209 667 415 760 Evangelia,
432 689 504 758 que
525 663 662 736 falsavit
683 664 852 736 Lucienus
877 677 912 733 et
930 663 1169 757 Hesychius,
1197 670 1233 736 io

209 767 347 838 Decret.
370 766 410 836 P.
439 777 468 833 1.
493 763 641 834 distinct.
670 769 720 838 15.
744 763 838 849 W.
878 761 980 833 Falsa
999 777 1128 834 autem
1163 766 1231 835 an'·

211 864 312 954 dere,
331 885 415 936 sane
430 877 568 936 nonest
582 863 757 952 censoris,
772 862 834 932 sed
850 861 1109 952 interpolatoris
1123 890 1138 955 3
1167 889 1229 935 ne·

210 984 277 1054 que
295 962 477 1053 presertim
492 965 601 1033 ineos
617 961 742 1051 libros,
756 983 844 1054 quos
860 986 881 1033 a
903 962 1055 1032 Luciano
1080 975 1124 1032 et
1147 964 1226 1034 He·

210 1060 331 1151 sychio
360 1061 490 1146 llugius
508 1061 826 1152 derivat,.suspicio
854 1061 971 1132 talium
989 1061 1224 1132 additamen-

212 1174 326 1231 torutn
338 1158 446 1249 cadit,
459 1160 570 1251 potius
584 1159 619 1229 in
633 1159 771 1231 codices
784 1181 909 1231 nnnc.
951 1161 1135 1232 Ponrmus
1152 1162 1222 1254 igi·

82 1273 93 1302 ·
212 1273 286 1350 tur,
314 1260 398 1331 istos
421 1257 557 1329 criticos
581 1257 683 1330 etiam
704 1261 741 1329 in
759 1281 793 1327 n.
815 1259 856 1330 T.
874 1281 1012 1350 operam
1029 1262 1220 1350 quondan

211 1377 377 1450 navasse,
401 1369 514 1436 tomen
536 1378 637 1426 nemo
660 1379 816 1449 unquam
838 1360 1076 1429 recensionem
1098 1381 1139 1428 u.
1176 1359 1217 1428 Ἰ.

213 1455 258 1528 ad
272 1455 428 1527 codicum
437 1454 539 1526 fidem
550 1458 751 1550 castigatam
761 1456 802 1528 iis
816 1456 950 1546 tribuit,
971 1455 1099 1526 nedum
1114 1453 1213 1528 cele

211 1556 371 1630 britatem
393 1555 620 1638 recensionist
645 1557 759 1626 minus
787 1555 889 1626 etiam
909 1557 1059 1626 fructum
1073 1555 1210 1628 labor's
1289 1584 1293 1599 ·

212 1677 331 1726 eorum
367 1653 481 1724 adbuc
513 1673 704 1742 superesse.
721 1653 885 1726 albrrnari
911 1669 1036 1739 potest.
1077 1655 1208 1728 Hiero·

213 1775 336 1839 nymus
346 1751 523 1843 quidemin
535 1754 696 1838 Gatalogo
707 1753 892 1824 Lucianum
903 1754 1007 1824 tradit
1016 1766 1156 1824 tantum
1174 1761 1204 1824 ln
1290 1777 1292 1801 ¹

214 1852 461 1942 scripturarum
473 1850 585 1922 studio
596 1848 793 1944 laborasse,
814 1865 1000 1944 „utroque
1012 1875 1209 1946 moacqw

213 1955 298 2018 dam
329 1947 539 2040 exemplaria
561 1949 806 2039 scripturarum
838 1955 894 2033 (n.
928 1953 998 2037 Τ.)
1030 1954 1202 2025 Lucisnea

213 2047 491 2138 nuncupentur.”
529 2048 589 2120 Sin
604 2069 644 2118 ea
659 2061 753 2119 stote
766 2050 903 2122 nonnisi
919 2051 1068 2142 quaedarn
1084 2073 1201 2123 exem·

214 2144 342 2236 pluria,
371 2143 451 2216 licet
472 2167 542 2216 non
572 2159 670 2218 extra
692 2147 908 2221 dubitationis
941 2149 1049 2220 aleam
1071 2152 1200 2243 posita,

215 2243 403 2319 aLuoiano
430 2242 751 2336 denominabantur,
773 2246 1009 2320 multominus
1028 2247 1198 2341 hodieque

215 2345 248 2414 ei
269 2342 405 2414 codices
432 2341 553 2416 classis
583 2345 773 2435 orientalis,
794 2359 834 2416 ut
860 2347 975 2441 Hugio
1001 2346 1198 2437 videbatur,

215 2439 451 2528 adscribendi3
464 2442 499 2513 id
518 2442 611 2536 quod
626 2466 695 2515 non
713 2445 815 2515 modo
839 2445 882 2516 tle
897 2457 949 2518 tot
967 2445 1198 2536 dooumentis,

214 2539 278 2612 sed
302 2563 347 2612 ne
365 2541 407 2614 de
421 2564 489 2614 uno
511 2543 648 2634 quidem
668 2543 912 2636 exemplarium
928 2557 1121 2615 nostrorum
1135 2544 1195 2613 de-

215 2641 399 2714 monstrari
426 2654 552 2732 potest
593 2643 686 2712 Ante
705 2642 853 2730 Hugiurn
875 2643 1011 2737 quidem
1029 2641 1194 2714 Semlcrus

216 2741 284 2820 (ad
302 2741 488 2812 Wetstenii
518 2739 650 2814 libellos
674 2741 718 2812 ad
743 2743 845 2812 crisin
866 2763 899 2812 n.
920 2743 963 2811 Τ.
989 2741 1193 2833 pertinentes

216 2839 243 2922 i.
266 2843 317 2907 83.
338 2840 438 2920 177.)
463 2841 648 2912 Lucianum
668 2853 702 2912 et
723 2839 935 2933 Hesychium
958 2852 1111 2910 auctores
1127 2836 1194 2908 late

218 2947 481 3028 propagatarum
501 2940 738 3010 recensionum
764 2961 840 3012 esse
864 2939 1061 3027 arbitratus,
1085 2957 1193 3028 neque

218 3054 301 3105 nero
317 3034 359 3104 de
371 3033 518 3128 Origene
528 3036 694 3126 suspicari
703 3037 891 3130 quidquam
902 3059 1005 3108 ausus
1019 3049 1081 3109 est
1118 3037 1193 3106 lani

214 3132 345 3204 certius
371 3132 414 3204 de
434 3133 636 3204 recensione
660 3134 811 3206 Euthalii
834 3149 869 3206 et
888 3136 931 3206 de
945 3133 1191 3228 interpolatione

216 3229 406 3304 Marcionis
432 3244 588 3322 constat,
608 3254 718 3325 neque
742 3233 866 3306 desunt
893 3234 928 3304 in
955 3233 1080 3304 nostris
1102 3233 1193 3303 codi-

216 3327 314 3398 cibus
327 3329 605 3425 vestigiamanus
625 3328 813 3404 Marcionis
831 3345 865 3404 et
886 3331 1053 3402 Euthalii:
1074 3333 1189 3405 nenrini

218 3439 333 3498 tamen
354 3428 391 3498 in
409 3442 557 3498 mentem
574 3430 691 3520 venit,
711 3430 754 3500 ad
772 3453 831 3502 eos
854 3451 991 3500 omnem
1008 3429 1189 3519 discrepan-

217 3528 302 3599 tiam
324 3526 484 3606 codicum
502 3529 638 3600 referre.
683 3529 804 3620 Neque
821 3551 861 3600 ea
885 3550 930 3597 ex
954 3527 1099 3620 quodam
1114 3550 1188 3621 pre-

216 3625 345 3709 judicio
371 3624 535 3698 historico
556 3626 689 3696 deliniri
716 3639 753 3696 et
781 3626 940 3697 extricari
966 3639 1087 3716 potest.
1123 3627 1185 3696 Res

216 3725 316 3816 ipsa,
327 3725 485 3796 codicum
499 3724 650 3816 indoles,
662 3749 733 3818 quae
746 3745 806 3816 per
823 3747 860 3795 se
870 3724 1071 3814 spectanda,
1084 3725 1186 3807 conje-

219 3836 322 3894 crure
348 3823 452 3909 Hugii
480 3827 650 3893 contraria
675 3835 739 3894 est
781 3823 1004 3894 Nemeorum
1025 3822 1182 3894 diversitas

216 3945 289 3992 non
323 3937 393 3994 tam
418 3945 462 3994 ex
482 3922 694 4012 generalibus
710 3921 963 4004 recessionibus
981 3921 1183 3992 1111111171-

222 4023 306 4110 ctis,
340 4045 443 4112 quam
473 4045 518 4104 ex
541 4019 684 4092 colluvie
703 4017 912 4113 singularum
932 4017 1181 4105 correctionum,
