2622 4590
235 279 296 354 106

35 483 38 496 .
110 515 119 526 .
234 430 302 500 Pro
324 423 672 520 simpla-admallare
691 432 760 500 1011.
796 425 884 501 Ι1120
905 393 1071 516 vulgatus
1093 424 1130 494 iu
1152 431 1232 500 100·

235 542 405 618 conteret,
428 552 506 599 cum
528 526 636 596 editus
659 525 801 594 habeat:
827 535 995 597 conterat.
1030 523 1112 614 ripis
1131 525 1231 594 abest

235 630 407 754 aMarpc
432 650 461 696 o.
487 625 574 715 plur.
610 619 1088 709 restaurandae
1107 645 1230 699 occo

235 728 376 818 romb
401 735 472 802 109.

771 857 1232 878 -r———u—-n--nn—

233 939 400 1042 perti'nere
423 961 457 1018 et
478 969 556 1018 cum
577 947 634 1016 illo
656 947 735 1016 inde
758 969 833 1018 esse
853 945 1037 1016 desumtos.
1075 945 1157 1037 Quo
1175 967 1233 1013 ac-

236 1047 328 1119 eedit
350 1046 435 1116 ratio
458 1059 656 1116 econtextu
675 1046 799 1136 petita,
822 1043 915 1135 quod
929 1067 1000 1135 qua
1015 1065 1121 1112 sensu
1136 1063 1231 1112 nexa

149 1203 154 1216 .
236 1160 336 1232 sunt,
359 1146 446 1215 male
469 1157 626 1236 separata
648 1145 778 1233 forent,
805 1144 1034 1214 additamento
1059 1143 1153 1220 inter
1175 1165 1231 1212 oa-

235 1247 306 1337 pita
330 1250 484 1316 111115
506 1245 716 1334 interposito.
753 1245 915 1338 Quaeres
939 1241 1174 1313 Tholuckium
1196 1242 1232 1311 in

235 1345 488 1416 Commentario
503 1367 538 1435 p.
550 1349 610 1413 501
626 1346 753 1439 morit,
775 1356 814 1412 ut
830 1342 1062 1430 existimaret,
1082 1341 1230 1412 Paulum

236 1443 399 1514 absolutis
429 1466 504 1534 cap.
530 1448 568 1512 11
598 1443 722 1532 literis,
752 1456 911 1533 tanquam
935 1441 1077 1526 alienius
1100 1441 1233 1534 negotii

235 1541 397 1630 oblitum,
426 1542 613 1612 orationem
642 1541 856 1614 resumsisse.
898 1539 1122 1630 Aliquantum
1144 1561 1231 1606 vero

176 1675 178 1680 ·
236 1641 380 1726 audaoiae
410 1639 513 1710 habet
541 1640 610 1710 haee
638 1642 857 1730 conjectura;
888 1662 1000 1732 neque
1029 1637 1097 1712 lico
1126 1638 1230 1708 modo

235 1752 307 1810 tam
326 1737 426 1808 facile
441 1738 621 1808 ludibrium
637 1738 881 1830 transponendi
897 1739 1104 1828 explicatur,
1126 1759 1231 1828 quam

236 1857 282 1908 ex
303 1848 422 1906 nostra
443 1838 630 1929 sententia;
660 1838 767 1907 multo
789 1841 900 1908 miuus
921 1835 1139 1930 intelligitur,
1168 1837 1231 1926 qui

235 1936 407 2020 evenerit,
429 1935 514 2006 dnos
540 1937 682 2030 codices,
700 1941 801 2008 etiam
823 1935 1029 2008 versiculum
1044 1937 1085 2005 21
1106 1935 1150 2007 ad
1174 1959 1233 2006 ca-

234 2048 297 2127 put
318 2039 356 2103 11
380 2035 597 2120 assumsisse.

300 2135 463 2205 Ceterum
487 2135 528 2204 de
549 2135 645 2225 loeo,
669 2140 772 2227 quem
791 2134 981 2208 versiculus
997 2137 1037 2206 21
1057 2135 1232 2224 obtineat,

193 2294 197 2305 ,
236 2234 348 2306 denno
378 2233 618 2325 disputandum
648 2248 710 2307 est.
754 2236 880 2306 Omnes
906 2234 1044 2325 quidem
1067 2233 1144 2304 libri
1165 2235 1233 2303 im-

153 2377 155 2382 ·
234 2336 348 2428 pressi
376 2335 545 2424 (excepto
568 2333 857 2424 Griesbachiano,
886 2335 945 2404 nbi
973 2360 1002 2405 v.
1024 2335 1167 2414 25-27
1189 2331 1233 2402 11

236 2456 311 2524 cap.
329 2435 367 2502 11
382 2434 499 2516 rejecti
513 2435 613 2513 sunt)
633 2432 839 2504 versiculum
853 2438 894 2501 21
909 2432 1069 2503 commati
1086 2438 1129 2502 25
1150 2455 1234 2523 pra·

233 2544 442 2623 posuerunt,
468 2533 706 2601 auctoritatem
736 2531 835 2608 codd.
857 2532 958 2601 1³1³*ss
989 2546 1024 2602 et
1045 2536 1084 2602 16
1106 2532 1234 2606 secuti.

235 2628 409 2723 Quoniam
437 2651 519 2700 vero
546 2631 603 2700 isti
633 2631 792 2700 versiculi
822 2631 1093 2722 transpositionis
1116 2637 1232 2726 gratia

233 2727 374 2799 facile
365 2753 399 2798 nr
429 2730 497 2800 fine
526 2732 767 2817 assuebantur,
798 2730 989 2843 suspeetior
1014 2730 1148 2800 videtur
1173 2727 1232 2800 hic

237 2827 345 2897 ordo.
373 2850 477 2919 quare
505 2827 624 2898 melius
648 2851 680 2896 r.
705 2832 745 2899 21
769 2830 875 2900 tribus
899 2829 972 2898 istis
996 2831 1233 2928 postponitur,

236 2925 522 3018 quemadmodum
555 2926 740 3017 disponunt
771 2927 868 2997 codd.
894 2931 934 2999 17
968 2927 1046 3010 (ubl
1079 2941 1231 3018 utroque

235 3023 314 3094 loco
337 3035 519 3092 exstantv
521 3028 703 3106 ,25-27)
725 3035 774 3095 80
789 3039 824 3095 et
844 3026 918 3119 (qui
940 3026 983 3096 ad
1005 3048 1080 3118 cap.
1097 3030 1135 3095 11
1152 3048 1234 3096 ver-

235 3121 382 3196 siculum
403 3126 445 3192 21
474 3145 612 3214 quoque
639 3124 816 3206 rejiciunt)
846 3130 1004 3196 311173
1034 3147 1113 3194 eum
1136 3123 1232 3209 ,Syro

235 3236 404 3314 utroque,
430 3223 546 3291 Arabe
568 3221 708 3312 Erpenii
731 3236 765 3292 et
785 3225 1052 3299 Ambrosiastro.
1095 3224 1151 3294 Sic
1177 3248 1232 3295 re-

234 3323 352 3412 petitio
384 3317 570 3393 eorundem
599 3323 671 3392 fere
699 3323 903 3412 verborum,
938 3347 1012 3414 qua
1031 3319 1104 3406 jam
1131 3347 1164 3393 v.
1190 3333 1234 3393 20
1291 3393 1292 3410 2

213 3417 456 3512 legebantur,
484 3421 625 3506 ferenda
653 3420 735 3507 erit,
765 3421 793 3490 si
817 3421 989 3512 apostolus
1011 3421 1085 3495 lraeo
1107 3422 1142 3491 in
1168 3445 1233 3492 ex·
1291 3427 1292 3483 ἐ

236 3530 346 3588 tremo
367 3543 472 3590 manu
493 3525 630 3613 propria
650 3521 893 3614 subscripsisse
915 3535 1071 3612 putatur3
1093 3523 1233 3594 nisiex

234 3616 364 3708 Koppii
385 3621 553 3691 sententia
573 3642 707 3691 comma
721 3625 782 3708 21,
805 3633 966 3712 tanquam
985 3635 1063 3712 post
1076 3625 1231 3704 rejectos

236 3716 373 3788 demum
396 3717 438 3788 ad
460 3741 533 3807 cap.
550 3721 588 3787 11
613 3718 801 3791 versiculos
818 3724 954 3792 25-27
976 3719 1132 3794 clausule
1150 3723 1231 3794 loco

236 3815 429 3903 additum,
427 3815 538 3885 delere
561 3815 734 3888 malueris.
812 3863 815 3872 ι

300 3919 352 3990 27.
381 3906 495 3985 Pro
471 3946 493 4005 φ
515 3914 651 4006 qnidam
671 3916 748 3986 libri
768 3941 872 4000 manu
889 3917 1006 4009 scripti
1023 3931 1056 3986 et
1071 3907 1232 4008 impressi

191 4011 365 4098 habent
385 4015 489 4119 ao’lqi,
515 4036 627 4108 neque
654 4038 736 4086 vero
764 4016 950 4088 mutatione
956 4039 1057 4108 opus
1080 4029 1150 4090 est:
1178 4019 1230 4087 ita
1290 4025 1291 4030 ’

1148 4132 1166 4190 1
