2608 4582
194 315 237 386 lb

194 483 256 537 seu
271 481 323 534 na
339 482 402 536 sen
418 459 496 546 ac)
512 455 654 532 totidem
667 461 740 532 iere
754 459 840 532 locis
856 481 876 534 a
891 481 1058 554 germana
1076 465 1196 555 scrip·
1302 518 1303 521 ,

193 576 270 634 tura
285 559 464 648 abhorret,
481 571 516 630 et
536 557 848 648 interpolationibus
867 571 1004 632 scatens
1014 561 1051 630 in
1069 561 1196 650 priore
1301 567 1302 574 ’

194 665 336 754 epistola
360 659 402 731 ad
428 657 619 730 corinthios
645 659 748 730 GLX.
776 657 939 746 lectiones
961 681 1078 751 neque
1111 681 1197 730 cum
1301 681 1302 684 ’

194 759 321 830 familia
338 758 490 830 africana
507 779 619 850 neque
637 779 717 832 cum
730 757 840 830 classe
856 757 1011 845 orientali
1028 781 1198 830 commu·
1301 839 1302 844 η

89 925 92 934 ,
194 879 256 930 nee
279 857 393 927 habet
435 861 604 928 Actorum'
619 877 709 949 pane
724 855 945 948 paraphrasin
963 854 1112 926 exhibet
1131 879 1198 928 cn-
1301 891 1302 896 ,

196 953 265 1026 dex
290 956 567 1049 cantabrigiensis
592 978 638 1044 n,
657 957 846 1050 rapinaque
879 957 1137 1048 compatribus
1159 971 1198 1028 et
1292 975 1302 1006 l

194 1053 432 1144 interpretibus
457 1055 569 1128 latinis
599 1055 795 1128 concordat.
837 1055 929 1140 Ergo
950 1060 986 1128 in
1008 1056 1134 1144 Italia,
1157 1058 1197 1128 in
1284 1142 1289 1155 1

197 1151 307 1223 Gallia
321 1165 356 1224 et
368 1153 487 1225 Africa
504 1155 578 1244 plns
593 1153 819 1245 corruptionis
832 1168 870 1227 n.
885 1153 925 1224 T.
941 1157 1069 1226 invasit
1080 1177 1198 1246 quam
1285 1212 1291 1229 .

195 1251 231 1320 in
250 1249 390 1324 oriente.
431 1251 547 1344 Quare
562 1253 776 1343 potissimum
788 1251 971 1342 scriptores
988 1249 1196 1322 alexandri-

195 1370 259 1420 nos
285 1361 320 1418 et
347 1349 595 1442 occidentales,
617 1350 847 1440 Clementem,
874 1349 1076 1444 Origenem,
1098 1351 1197 1423 Ter·

197 1448 390 1538 tullianum,
406 1448 855 1542 Hilarinm‚Angustinum‚
867 1450 1107 1540 Ambrosium,
1127 1453 1196 1522 asi·
1287 1466 1294 1549 l

198 1547 363 1619 eticorum
383 1561 418 1618 et
439 1549 700 1634 byzantinorum
722 1549 794 1618 fere
815 1549 1000 1637 neminem,
1032 1549 1074 1619 de
1094 1552 1196 1634 ejus
1289 1614 1296 1649 r

197 1647 289 1716 modi
311 1647 552 1738 depravatione
574 1646 732 1718 codicum
756 1648 921 1740 conqueri
941 1648 1100 1720 audimus
1122 1653 1147 1734 (
1157 1675 1194 1720 v.

198 1747 333 1818 Scholz.
354 1747 430 1818 loco
465 1760 652 1818 memorato
673 1770 707 1838 p.
731 1748 780 1822 17.
800 1770 855 1838 sq.
878 1747 973 1829 lb).
1029 1746 1085 1818 lta
1111 1747 1196 1818 Ori·

132 1859 135 1868 “
196 1867 301 1944 genes
319 1847 378 1926 (in
399 1846 521 1916 Motth.
545 1846 584 1914 T.
599 1846 677 1918 XV.
695 1845 770 1916 Vol.
788 1845 856 1916 111.
872 1869 904 1936 p.
920 1849 992 1918 671.
1013 1845 1066 1916 ed
1082 1847 1195 1931 Rue)

198 1969 277 2018 cnm
308 1945 520 2018 oscitantiam
550 1945 762 2016 librariorum
785 1957 858 2014 tum
878 1945 1054 2016 audaciam
1071 1967 1196 2016 corre·
1296 1997 1302 2024 2

200 2056 333 2116 ctorum
366 2067 411 2114 ex
442 2067 505 2114 suo
524 2042 658 2138 ingenio
684 2041 880 2113 addentium
901 2055 936 2114 et
960 2043 1193 2114 emittentium

200 2155 349 2214 accusat
372 2141 696 2230 Alexandrianum,
719 2142 857 2234 antiqua
883 2141 982 2212 sedes
994 2141 1194 2233 literarum,

126 2283 133 2302 ι
200 2240 243 2310 ob
260 2239 1193 2314 nimiamsednlitatemeteruditionissollertiaminter-

199 2335 407 2428 polationnm
424 2361 559 2432 qnoque
574 2339 816 2430 permultorum
831 2340 866 2408 in
880 2363 918 2411 n.
935 2341 976 2409 T.
997 2353 1108 2410 mater
1125 2362 1195 2412 ex·

202 2436 328 2508 stitisse
355 2437 505 2527 videtur,
536 2457 619 2530 quas
641 2444 842 2510 auctoritate
866 2440 992 2512 florens
1009 2440 1131 2510 civitas
1156 2453 1193 2513 et

200 2535 499 2628 p‘ropelegielotrix
512 2537 750 2628 interpretibus
760 2537 922 2608 vetustis:
945 2538 1067 2629 Copto,
1082 2539 1192 2630 Syro,
1302 2564 1303 2589 ¹

200 2635 327 2725 Arabi,
375 2637 547 2722 Armeno,
591 2638 748 2727 Persico,
793 2636 934 2708 traditas
979 2638 1192 2730 propagavit.

147 2817 150 2831 .
201 2735 288 2812 Asia
316 2747 351 2803 et
377 2733 515 2826 Europa
532 2745 672 2824 contra,
703 2735 797 2806 velut
822 2736 933 2828 patria
960 2740 1130 2806 Actorum
1156 2749 1194 2806 et

204 2829 442 2921 epistolarum,
456 2828 618 2908 adversus
630 2834 803 2906 libidinem
817 2835 1099 2926 interpolatorum
1114 2848 1194 2905 ten-

204 2951 308 3020 quam
332 2930 484 3019 prasidio
513 2931 631 3004 habuit
653 2933 859 3024 exemplario
883 2935 913 3004 ai
933 2957 1002 3002 non
1029 2945 1194 3028 autogra-

202 3027 290 3120 pha,
315 3040 411 3098 certo
429 3030 623 3124 apographa
643 3030 685 3102 de
700 3032 766 3103 illia
785 3053 847 3122 per
861 3031 1114 3104 succensionem
1126 3055 1195 3123 prae

205 3125 327 3198 ceteris
358 3127 472 3218 purius
504 3141 539 3198 et
560 3130 726 3201 sincerius
749 3128 942 3220 descripta,
977 3131 1021 3200 ad
1039 3155 1113 3224 qnae
1137 3153 1195 3202 re-

205 3245 343 3294 currere
365 3225 411 3296 in
436 3239 595 3318 promptu
622 3241 725 3306 esset
768 3229 940 3324 Quocirca
962 3229 1193 3304 Tertullianus

124 3328 128 3338 '
206 3321 248 3392 de
265 3324 576 3414 Praescriptionibus
605 3348 635 3398 c.
655 3330 707 3399 36.
727 3329 831 3398 Afros
851 3349 934 3398 arros
958 3327 1003 3399 ad
1025 3328 1192 3402 ecclesias

206 3423 411 3511 apostolicas
441 3423 627 3517 delegavit,
647 3437 688 3496 ut
709 3425 775 3496 sibi
801 3424 1008 3528 decoritate
1032 3424 1194 3498 editionis

204 3543 241 3594 n.
265 3521 306 3592 T.
330 3525 583 3616 persuaderent.
1122 3576 1124 3592 .

267 3620 361 3692 Scitu
378 3620 517 3714 dignum
534 3635 606 3711 est,
626 3622 670 3700 ad
687 3623 804 3716 quales
823 3646 955 3698 errores
972 3637 1117 3719 unaque
1133 3647 1193 3697 oo-

202 3715 322 3792 dicum
349 3717 469 3791 classis
498 3721 647 3794 maxime
674 3723 831 3814 inclinet,
861 3725 962 3797 utin
989 3725 1192 3798 lectionibus

207 3813 433 3898 dijudicandis
466 3831 618 3910 constet,
652 3823 719 3893 utri
745 3826 857 3896 minus
887 3823 967 3894 fidei
998 3825 1192 3909 habendum

208 3913 264 3986 sit
308 3916 478 3988 Nimirum
509 3919 545 3990 in
572 3923 681 3992 classe
697 3921 903 3994 occidentali
918 3923 1059 3996 lascivia
1078 3945 1193 3994 corre-
1217 3995 1222 4005 ,

209 4025 343 4094 ctcrtun
351 4029 386 4086 et
394 4013 533 4108 levitas,
547 4021 825 4111 qneeeaproprio
833 4021 1086 4115 ingenionovaa
1097 4021 1193 4114 lingit
