2608 4582
241 305 283 379 ³8

242 453 405 526 adductus
421 453 537 545 habet,
555 449 696 526 codicis
712 473 825 545 causa,
843 457 872 528 si
888 453 968 547 qnid
981 453 1092 543 rideo,
1115 455 1226 526 omis-

239 553 344 625 sionis
358 553 423 622 fuit
437 549 629 636 cumhm'us
642 552 809 644 particulae
823 554 934 644 inepte
949 574 990 623 eo
1005 551 1109 622 modo
1125 553 1227 622 adut-

239 665 360 740 teratae,
380 664 451 720 tum
464 649 679 741 praecedentis
693 652 837 722 nominis
850 650 1045 752 neglexeram.
1058 689 1101 706 ·-
1116 649 1227 742 Quod

238 748 324 839 Eph.
342 757 402 838 2,3
416 761 534 818 noster
547 747 753 820 Clementem
768 748 858 818 alem
874 747 1009 820 secutus
1031 749 1113 838 palm
1134 749 1227 819 orni-

239 859 350 936 serat,
371 849 569 922 membranae
588 869 730 918 rosso
750 869 829 918 cum
845 845 989 944 Origene
1004 867 1078 916 eam
1092 867 1222 916 vocem

239 957 591 1034 transposuerunt-
618 948 698 1016 Act.
718 947 750 1035 7,
772 952 812 1016 ts
834 943 971 1014 omissio
1002 943 1225 1025 coniunctio·

237 1043 290 1112 nis
311 1039 366 1114 eal
385 1056 461 1112 ante
482 1043 584 1128 ealles
609 1044 644 1114 in
664 1041 739 1114 cod.
764 1051 823 1118 109
843 1042 909 1114 una
930 1063 1011 1112 cum
1031 1039 1130 1112 codd.
1155 1041 1225 1112 Pc-

238 1139 336 1230 tavii,
357 1143 398 1210 73
419 1153 453 1210 et
472 1162 495 1208 n
518 1141 616 1211 obvia
631 1141 753 1223 jamin
768 1139 952 1230 archetypo
968 1137 1088 1210 classis
1105 1139 1224 1208 orlen-

238 1237 315 1308 talis
337 1237 510 1308 exstitisse
531 1238 678 1329 putanda
698 1251 768 1328 est,
793 1237 882 1308 unde
903 1237 972 1306 luco
992 1258 1070 1308 cum
1092 1237 1176 1308 coel.
1200 1262 1221 1308 s

237 1333 394 1408 lacunam
420 1337 557 1427 explere
586 1338 772 1408 conabatur
799 1333 981 1418 injiciendo
1001 1341 1058 1407 etl:
1085 1357 1119 1404 v.
1146 1349 1222 1406 not.

239 1433 313 1512 crit.
349 1435 430 1503 Act.
445 1437 554 1525 22,16
574 1432 712 1506 exhibet
732 1447 849 1505 noster
868 1432 1102 1524 primigenium
1116 1432 1221 1504 scho-

236 1530 306 1600 lion
327 1535 446 1634 coplae,
466 1521 558 1621 {quod
579 1554 647 1602 non
669 1529 785 1601 dubito
807 1531 887 1624 quin
907 1531 942 1600 in
964 1527 1152 1620 archetypo
1177 1531 1221 1602 cl.

239 1651 288 1698 or.
310 1651 412 1719 super
432 1626 512 1706 eiii
532 1629 693 1720 scriptum
714 1629 831 1718 fuerit,
855 1627 943 1699 unde
963 1626 1032 1700 hec
1052 1629 1222 1702 universa

235 1723 367 1816 plenius
387 1733 430 1799 τῦ
450 1731 536 1829 eopia
554 1727 787 1800 fabricabatur.
1132 1793 1139 1802 .

238 1883 247 1916 ,·
304 1823 463 1916 Epistola
487 1825 539 1894 ad
562 1825 731 1915 Hebraeos,
760 1849 829 1916 qus
854 1825 890 1896 in
910 1824 1035 1898 familia
1054 1824 1166 1898 latina
1186 1841 1222 1897 et

238 1920 347 1990 classe
367 1919 519 1990 orientali
534 1921 709 2012 epistolam
725 1924 767 1994 ad
781 1922 1012 1994 Philemonem
1026 1924 1142 1994 datam
1161 1949 1222 1998 ex-

238 2020 319 2108 cipit
347 2019 498 2110 adeoque
523 2045 642 2106 agmen
666 2023 866 2114 scriptorum
888 2022 983 2093 Pauli
1005 2023 1155 2114 claudit,
1185 2026 1221 2094 in

234 2130 375 2204 nostro,
404 2119 496 2187 utin
518 2118 635 2194 codice
655 2121 841 2212 propinquo
862 2124 921 2210 46,
936 2122 970 2190 in
989 2120 1115 2191 familia
1135 2125 1221 2194 afri-

236 2237 321 2286 cana
343 2237 421 2299 asc
443 2228 478 2283 et
497 2216 678 2306 proximis,
700 2217 789 2307 apud
808 2220 1006 2307 interpretes
1025 2223 1220 2291 Armenum

235 2327 271 2390 ‚et
284 2313 478 2403 Copticum,
499 2313 588 2404 apud
604 2314 855 2384 Theodoretum
876 2328 979 2406 atque
993 2316 1027 2385 in
1041 2317 1218 2390 veteribus

236 2409 485 2501 exemplaribus
507 2411 595 2500 apud
616 2411 838 2501 Epiphanium
860 2411 1021 2482 adversus
1043 2411 1161 2484 hares.
1185 2415 1217 2484 1.

234 2509 276 2580 36
296 2508 336 2575 Τ.
351 2507 379 2578 Ι.
393 2529 425 2597 p.
442 2510 502 2580 373
517 2513 612 2600 ορρ.,
632 2510 853 2601 posteriorem
868 2510 911 2580 ad
926 2509 1218 2582 Thessalonicen-

233 2605 543 2696 sessubsequitur.
579 2607 634 2676 Sic
652 2606 860 2678 Athanasius
882 2609 917 2677 in
938 2607 1219 2702 epistolafestali

234 2703 276 2774 T.
292 2710 309 2770 1
325 2705 362 2772 P.
377 2704 419 2772 ll.
434 2726 467 2794 p.
481 2707 542 2780 962
557 2703 606 2773 etl
622 2704 755 2792 Maus,
775 2704 809 2772 in
832 2727 900 2796 qua
920 2727 1085 2776 canonem
1105 2706 1218 2780 libro·

232 2823 308 2872 rum
324 2822 498 2871 sacrorum
513 2814 686 2885 recenset,
708 2799 885 2891 epistolam
898 2802 939 2872 ad
956 2803 1116 2874 Hebraeos
1132 2818 1219 2894 post

234 2912 412 2990 utramque
422 2899 464 2968 ad
473 2897 794 2970 Thessalonicenses
803 2899 939 2970 missam
947 2912 1216 2988 enumerat,non

233 3019 279 3066 ex
300 2995 454 3085 opinione
480 2999 630 3088 privata,
657 2993 717 3066 sed
739 2997 907 3083 publicam
929 2997 1130 3070 sententiam
1154 3021 1216 3070 ec·

232 3094 411 3164 elesiarum
419 3094 566 3188 Aegypti
577 3104 733 3178 secutus,
749 3094 861 3184 quain
875 3117 912 3166 re
925 3098 1128 3188 suffragatur
1142 3121 1209 3168 au-

232 3206 307 3268 ctor
326 3214 513 3283 synopseos
536 3214 564 3262 s.
585 3188 754 3278 scripturae
768 3195 802 3260 in
817 3191 902 3282 Opp.
917 3193 1080 3264 Athenas.
1101 3195 1142 3262 T.
1163 3197 1213 3264 ll.

230 3311 265 3380 p.
280 3293 340 3362 197
360 3294 411 3376 (v.
427 3292 516 3381 Hug.
536 3286 577 3355 de
600 3287 797 3378 antiquitate
819 3289 894 3360 cod.
912 3292 1065 3362 Vaticani
1085 3314 1117 3381 p·
1134 3294 1212 3376 at).

229 3385 361 3478 Neque.
378 3410 460 3456 vero
490 3385 525 3452 in
554 3403 695 3473 corpore
714 3385 854 3456 Paulino
883 3389 1147 3460 commodiorem
1176 3406 1214 3462 et

231 3485 452 3575 antiquiorem
479 3479 632 3552 ordinem
654 3505 754 3574 quam
775 3496 852 3552 aute
874 3497 1017 3574 quatuor
1033 3487 1148 3560 literas
1166 3489 1212 3562 ad

230 3581 382 3674 singulos
399 3577 553 3650 homines
570 3575 663 3648 dates
679 3580 817 3671 epistola
829 3580 870 3651 ad
881 3581 1042 3656 Hebraeos
1055 3587 1210 3660 tenuisse

229 3681 379 3770 videtur,
410 3674 465 3747 vel
493 3671 670 3766 aliquando
699 3689 775 3767 post
803 3677 978 3766 epistolam
1001 3682 1043 3752 ad
1066 3683 1209 3756 Galatas

228 3798 326 3864 eam,
354 3785 470 3865 utpote
498 3768 622 3856 paritor
648 3771 690 3844 od
715 3785 849 3868 gentem
876 3779 1055 3870 scriptam,
1088 3784 1208 3854 sedem

232 3889 417 3963 occupasse
440 3863 632 3958 sumimur
645 3868 863 3966 llugiusioco
878 3891 1063 3949 memorato
1084 3902 1131 3950 ex
1146 3882 1207 3952 ad-
1296 3879 1297 3942 ἐ

232 3971 358 4064 scripto
387 3963 535 4060 ceptrum
560 3965 794 4048 continuorum
813 3991 952 4050 nurnero
973 3976 1009 4048 in
1031 3974 1149 4052 codice
1173 4000 1205 4064 s,
