2622 4590
243 331 310 398 128·
618 419 623 422 ,
853 351 899 403 nu
921 351 975 400 sr.
993 347 1038 398 ru
1060 349 1230 399 nominos

771 478 779 520 e
878 491 881 498 Ι
951 463 953 475 .

302 590 371 656 Η
394 581 439 672 peri
460 581 556 650 abest
580 580 650 652 106.
682 491 1232 676 {ossnpaiidredar-puiapcoppdnie

246 691 317 756 109.
353 685 418 752 v.d
446 683 525 770 μέλη
549 676 651 750 πολλαὶ
675 667 785 769 ἔχομεν
810 685 835 748 ir
860 675 899 748 bi
921 676 1034 766 cdpeb
1059 685 1130 749 109.
1164 681 1233 744 v.5

290 993 342 1056 .2.
368 979 928 1080 συσχημαἹίζεσθαι-μῦαμορφῧάθι,
957 994 996 1050 ut
1023 992 1088 1050 est·
1101 979 1136 1048 in
1160 988 1233 1070 109,

244 1081 328 1154 mihi
350 1093 510 1170 tanquam
532 1079 663 1149 doctior
684 1078 784 1148 lectio
806 1079 936 1170 placet,
959 1101 1036 1148 oum
1052 1077 1094 1150 ci.
1111 1100 1163 1148 or.
1178 1079 1232 1148 bis

244 1186 330 1254 ‚ees
351 1192 386 1248 et
407 1177 450 1253 ol.
473 1200 546 1247 oco.
569 1184 667 1260 (cum
685 1178 762 1252 Ros.
780 1173 824 1258 t)
846 1175 986 1247 totidem
1006 1185 1111 1249 -ebuu
1133 1177 1244 1266 eubi-¹

245 1283 336 1355 beat.
380 1277 542 1346 itaenim
563 1299 594 1348 v.
613 1279 651 1346 14
666 1299 718 1367 sq.
734 1289 768 1346 et
782 1277 861 1346 Act.
876 1283 936 1365 2³,
953 1283 994 1346 28
1008 1299 1058 1368 sq.
1079 1273 1233 1346 infinitus

245 1377 481 1468 imperativum
504 1375 650 1465 excipit,
671 1388 771 1467 atque
794 1385 881 1452 v.19
903 1376 937 1444 in
956 1375 1062 1445 altero
1078 1375 1230 1443 membro

246 1476 408 1546 orationis
431 1498 507 1544 cum
530 1475 614 1544 imai
632 1473 815 1544 inchoante
836 1473 1054 1565 imperativus
1077 1473 1232 1564 ponitur,

245 1575 365 1664 praevio
398 1572 573 1664 participio
595 1571 672 1641 loco
688 1572 894 1661 imperativi.
938 1571 1091 1665 Quodsi
1113 1583 1231 1642 nostro
1296 1593 1298 1600 ’

242 1674 323 1744 loco
341 1695 432 1764 aeque
448 1672 611 1759 obtinuit,
631 1683 740 1761 patet,
762 1693 823 1742 our
838 1671 893 1742 alii
908 1675 1015 1763 prima
1028 1671 1231 1750 vice-20³2,

245 1772 301 1844 atti
330 1771 435 1842 nitere
460 1777 584 1842 -ῦσθιι
606 1771 831 1846 correxerint
872 1770 960 1840 Item
980 1769 1109 1860 Ephes.
1131 1771 1171 1858 d,
1193 1776 1231 1838 23

167 1869 171 1880 '
244 1895 297 1963 sq.
332 1870 461 1961 aliquot
493 1869 568 1940 libri
600 1869 783 1940 infinitivos
815 1869 917 1942 medii
947 1870 981 1938 in
1013 1869 1231 1959 imperativos

132 2041 134 2050 ,
244 1981 427 2040 mutarunt.
471 1968 633 2037 Ceterum
662 1967 703 2036 de
725 1967 791 2037 boc
812 1991 877 2038 usu
896 1968 1018 2037 infiniti
1039 1990 1072 2039 v.
1094 1981 1165 2038 not.
1187 1967 1230 2038 od

244 2070 324 2138 Act.
348 2076 378 2154 1,
400 2070 430 2134 d.
452 2105 492 2120 -
515 2067 605 2139 Mox
625 2069 719 2156 ὑμεῖν,
741 2067 832 2158 quod
854 2091 875 2138 a
896 2067 938 2142 ci.
961 2090 1036 2143 occ.
1057 2068 1174 2155 abest,
1198 2079 1232 2136 ct

244 2165 327 2236 mihi
350 2179 384 2234 et
406 2165 540 2238 Griesb.
563 2179 759 2256 suspectum
789 2165 972 2260 ests-quio
997 2163 1233 2236 similiterab-

243 2265 433 2345 solute-vde
463 2263 627 2336 2Thess.
650 2273 685 2355 2,
712 2273 733 2334 2
759 2276 959 2354 usurpatur,
990 2261 1048 2332 ubi
1079 2261 1232 2334 nonnulli

245 2367 329 2454 dudo
350 2363 530 2438 addebant.
998 2355 1004 2369 ⁸

299 2472 366 2531 .1t.
395 2465 483 2563 euplo
513 2485 558 2534 ex
586 2463 786 2534 auctoritate
810 2463 961 2533 omnium
981 2463 1051 2532 fere
1075 2461 1232 2538 codd.=et
1263 2521 1266 2530 ,

243 2560 321 2634 intt.
343 2563 494 2632 rescribe
516 2561 592 2631 loco
616 2573 725 2662 καιρῷ,
750 2564 843 2654 quod
865 2563 998 2634 Griesb.
1022 2585 1041 2631 e
1063 2564 1233 2632 membra-

242 2661 297 2730 nis
323 2660 536 2753 graeoolatine
558 2663 693 2752 scriptis
715 2663 838 2750 istro,
865 2661 1035 2730 nonnullis
1058 2661 1233 2752 exempla·

243 2759 339 2828 ribus
361 2761 471 2830 latinis
496 2771 530 2828 et
551 2761 668 2850 paucis
693 2761 844 2850 putribus
860 2772 961 2852 atque
975 2758 1068 2828 libris
1084 2758 1233 2852 untiqui-

244 2867 299 2954 tus
328 2858 500 2946 impressis
529 2861 666 2949 recepit
711 2861 796 2928 Cum
818 2880 900 2928 vero
922 2882 1027 2948 prope
1049 2859 1155 2930 fidem
1178 2882 1233 2930 ac-

245 2953 366 3041 cedat,
395 2957 634 3045 compendium
662 2958 831 3032 scribendi
854 2960 896 3028 ab
917 2959 1024 3029 oculis
1046 2957 1163 3030 latinis
1185 2960 1246 3032 fe·.

244 3053 413 3126 stinauter
433 3054 624 3143 inspectum
647 3055 849 3128 diversitatis
870 3058 975 3128 fuisse
990 3079 1149 3146 causam,
1173 3059 1234 3126 ob·

244 3152 374 3224 servari
393 3166 543 3244 oportet,
564 3177 632 3222 non
648 3177 769 3226 vocem
782 3158 898 3256 mede,
918 3156 980 3226 sed
994 3177 1119 3226 nomen
1135 3158 1233 3256 eripior

243 3252 316 3322 fere
339 3273 474 3341 semper
495 3252 737 3352 compendiose
760 3275 959 3344 occurrere,
985 3254 1077 3324 sicut
1097 3254 1231 3324 Marco.

243 3348 280 3424 h.
295 3349 318 3425 l.
341 3351 380 3422 ἴω
397 3373 460 3420 seu
478 3343 528 3424 κῖι
550 3351 686 3422 babent.
724 3353 835 3446 Quod·
847 3354 877 3424 si
898 3366 1045 3442 tenetur,
1064 3351 1231 3444 sequitur,

124 3483 126 3486 ·
246 3469 292 3520 ex
314 3442 365 3522 ὦ
385 3450 453 3524 i.e.
476 3452 565 3550 κυρίῳ
585 3450 766 3521 lectionem
784 3462 880 3552 καιρῷ
899 3473 977 3524 esse
997 3463 1122 3522 natam.
1161 3451 1231 3522 Ne-

246 3569 312 3640 que
340 3548 410 3618 haec
438 3550 606 3638 posterior
632 3553 772 3620 internis
802 3551 1007 3642 argumentis
1035 3571 1112 3622 sese
1137 3575 1231 3622 com-

243 3646 393 3722 mendat.
430 3649 538 3738 Atqui
561 3670 637 3718 oum
655 3663 849 3738 contextus,
870 3663 909 3720 ut
922 3655 968 3739 τῷ
981 3653 1072 3751 euple
1087 3649 1231 3743 legetur,

244 3744 384 3835 suadet,
406 3746 451 3816 ita
472 3759 511 3814 ut
532 3746 707 3816 christiani
728 3748 846 3836 spiritu
861 3747 954 3818 ducti
966 3751 1003 3818 in
1017 3748 1145 3820 domini
1160 3771 1232 3818 ser-

244 3841 386 3912 vitutem
409 3843 600 3926 tradantur3
622 3858 696 3915 tum
715 3849 843 3918 mmm
863 3860 961 3917 notat
979 3869 1115 3918 servum
1136 3869 1230 3934 esse,

243 3959 367 4008 nense
384 3943 660 4031 accommodare,
681 3944 740 4014 sed
757 3967 892 4036 vereor,
908 3958 948 4016 ut
961 3945 1166 4028 cohortatio,
1187 3951 1230 4032 τᾷ

244 4041 340 4137 καρῇ
351 4042 488 4122 medor,
508 4043 709 4136 gravitatem
724 4042 866 4134 apostoli
880 4043 1021 4136 deceot‚·
1037 4045 1096 4138 qui
1109 4047 1228 4139 utique
