2616 4598
241 309 332 394 ret'
976 339 1226 394 nurnmmor

243 499 292 547 or.
313 489 356 547 et'
369 495 443 553 ooo.
472 475 700 561 conjunxere,
726 467 790 546 iio
816 481 984 562 unquam
1010 469 1222 540 extrinsecus

242 587 440 665 susceptum
461 588 539 644 ante
560 575 656 644 lunai
674 569 864 660 collocant,
885 585 920 642 et
940 584 1060 662 postea
1080 567 1149 642 dvo
1167 569 1224 640 lra-

241 677 333 745 bont
368 672 544 743 Alter-lutri
563 673 665 744 classi
686 673 968 744 documentorum
985 667 1132 738 fideliter
1146 670 1222 737 obe-

240 773 401 842 diendum
428 773 502 846 erit.
544 771 609 841 Sed
635 770 702 840 duo
725 781 922 864 argumenta
944 791 998 836 me
1021 765 1223 857 impediunt,

240 869 445 960 quominus
475 867 518 940 cl.
545 889 620 946 occ.
647 881 783 960 sequor.
824 865 976 935 Primum
1003 865 1033 936 si
1058 885 1222 956 ponamus

239 963 301 1044 dle
325 969 358 1037 io
384 959 450 1040 ino
472 967 838 1056 depromissurum,
865 967 1078 1056 subsequens
1100 972 1166 1043 πῧς
1186 967 1224 1035 dr

240 1069 389 1156 ineptum
405 1064 574 1136 deleretur
586 1085 727 1135 necesse
742 1065 823 1146 fain
841 1077 961 1135 contra
975 1085 1043 1132 uon
1059 1085 1157 1155 reque
1171 1085 1225 1131 ue-

240 1186 336 1235 cesse
358 1163 423 1232 fuit
442 1160 545 1233 inseri
564 1166 625 1240 mle
642 1165 698 1244 dx,
717 1156 827 1235 moino
841 1164 875 1232 in
890 1158 949 1239 d'lo
964 1175 1131 1232 mutatum
1146 1162 1224 1232 fuis-

240 1277 309 1348 set3
326 1264 449 1354 quippe
459 1264 589 1350 planum
599 1262 1158 1352 sententiampraebuissentverba:
1172 1257 1225 1335 ilo

238 1355 315 1455 :2072
330 1365 435 1447 oleo,
464 1357 593 1428 Deinde
609 1358 642 1427 in
659 1361 827 1432 consimili
842 1361 934 1431 dicto
949 1383 980 1434 e.
994 1373 1027 1451 8,
1040 1370 1079 1432 21
1104 1364 1226 1431 ‘eorun-

240 1461 318 1532 dem
340 1460 417 1534 odd.
440 1479 514 1526 ooo.
537 1456 675 1548 quidam
695 1467 731 1538 (ι
747 1468 764 1529 1
781 1461 840 1540 ul.)
860 1467 922 1541 a&
938 1464 958 1532 κ’
974 1463 1007 1530 in
1026 1459 1091 1532 dvo
1109 1481 1226 1528 corru-

239 1572 379 1648 perunt,
401 1556 553 1649 adeoque
573 1579 607 1626 u.
629 1556 654 1626 Ι.
673 1558 902 1649 suspectione
920 1559 999 1628 fidei
1019 1570 1114 1632 sunt.

300 1804 332 1855 v.
347 1783 378 1857 7.
392 1775 470 1852 'Pro
491 1777 567 1863 tior,
592 1779 683 1872 quod
705 1803 724 1850 a
744 1779 822 1850 looo
843 1802 916 1872 par.
938 1781 1020 1850 Luc.
1037 1785 1125 1868 8‚'28
1145 1801 1225 1870 pro-

237 1883 364 1952 fectum
386 1893 456 1968 est,
478 1882 589 1950 scribe
610 1885 692 1965 λέγι
713 1878 902 1948 secundum
921 1877 998 1947 fam.
1022 1877 1103 1965 afn,
1126 1881 1225 1968 (qua-

238 2003 317 2048 cum
340 1981 421 2050 lacit
441 2001 495 2049 me
519 1990 604 2049 teste
628 1977 682 2051 cd.
699 1977 737 2060 1)
758 1977 922 2066 probante
946 1976 1078 2046 Griesb.
1102 1973 1223 2056 „Mar-

239 2099 300 2147 cus
323 2089 413 2147 amat
432 2076 644 2166 presentiam
671 2076 775 2145 verbo
796 2089 878 2148 sunt
897 2073 1058 2146 Solrulzii.

298 2199 330 2252 v.
345 2187 374 2250 9.
401 2175 480 2245 Alia
499 2197 625 2268 genera
648 2173 804 2244 codicum
827 2178 863 2244 in
885 2175 984 2246 aliam
1007 2185 1137 2264 partem
1156 2172 1226 2244 dis·
1298 2177 1299 2200 ¹

237 2273 373 2349 cedunt.
419 2273 506 2344 Pom.
527 2272 586 2348 lot.
611 2271 692 2366 legit
712 2269 763 2343 rol
779 2275 946 2373 dmrpids·
969 2267 1089 2360 λιμόν,
1111 2270 1154 2342 cl.
1173 2296 1226 2348 or.

237 2374 288 2444 eal
304 2375 454 2474 inregidr
470 2381 580 2462 λέγων·
601 2373 723 2460 λιγύν,
744 2385 781 2441 ut
801 2371 958 2466 vulgares
973 2372 1050 2440 libri
1066 2371 1225 2462 impressi

235 2471 372 2560 habent,
386 2473 464 2542 sam.
481 2473 540 2541 al'r.
556 2470 609 2541 rel
625 2475 706 2560 ripn
722 2473 801 2559 eo'lq‘i
806 2487 816 2508 ⁸
835 2470 950 2557 nepesin,
966 2469 1058 2562 quod
1074 2471 1226 2560 Griesb„
1297 2513 1298 2540 1

234 2571 429 2662 Knappius,
455 2568 598 2656 Valerus
622 2581 656 2638 et
677 2568 858 2640 Scholzius
884 2581 1096 2659 receperunt.
1138 2569 1223 2639 Nou

235 2692 424 2740 concursus
446 2667 540 2737 verbi
561 2672 656 2753 λέγειν
678 2680 713 2737 et
732 2667 875 2738 nominis
891 2669 1013 2754 niptris,
1033 2682 1072 2737 ut
1086 2668 1224 2748 Griesb.

235 2769 269 2836 in
292 2769 422 2840 Comm,
443 2788 491 2836 cr.
514 2764 550 2835 11
577 2789 610 2856 p.
630 2770 671 2840 95
737 2816 744 2833 .
772 2766 837 2835 sibi
865 2767 1051 2856 persuasit,
1079 2767 1140 2837 sed
1170 2768 1222 2836 in·
1296 2797 1297 2822 ³

683 2854 688 2863 ι

233 2861 376 2934 selentia
403 2863 497 2932 vocis
527 2863 631 2952 nuperis
654 2862 718 2933 a'li
742 2863 837 2934 rariis
860 2886 921 2954 pro
944 2872 1035 2951 λέγων
1057 2865 1165 2936 habiti
1190 2881 1225 2937 et

147 3019 149 3028 .
235 2960 396 3051 descripti
422 2959 513 3031 illam
543 2961 741 3030 varietatem
772 2965 943 3054 peperisse
964 2964 1045 3031 mihi
1065 2985 1132 3032 uon
1158 2965 1224 3033 mi·
1295 3049 1296 3056 ἵ

231 3083 296 3130 nus
318 3060 467 3145 videtur,
489 3081 589 3152 quam
611 3083 642 3133 c.
664 3061 701 3150 l,
722 3063 764 3132 l0
784 3061 927 3131 similem
950 3084 1087 3131 calisam
1110 3064 1224 3132 varie-

233 3170 341 3229 tatum
363 3158 399 3228 in
419 3159 578 3229 adverbio
608 3155 669 3234 llo
695 3182 772 3228 cum
797 3150 863 3233 dno
886 3173 1076 3251 permutato
1099 3161 1223 3251 depre-

230 3253 422 3328 hendimus.
465 3254 506 3326 Id
527 3277 608 3327 vero
638 3258 783 3328 dubitari
814 3272 944 3350 potest,
973 3274 1085 3329 utrum
1111 3261 1223 3350 prime

232 3357 401 3444 scripturn
420 3355 465 3426 sit
483 3375 662 3449 germana,
686 3356 792 3427 ultera
810 3356 939 3446 medie,
960 3359 1096 3426 nomine
1111 3363 1221 3444 nepesin
1294 3407 1295 3444 r

230 3449 284 3522 bis
310 3450 399 3522 lecto
421 3465 455 3522 et
475 3454 508 3522 in
530 3459 624 3540 nisos
649 3459 755 3542 nepotis
778 3468 929 3545 mutato,
958 3457 1057 3526 tertia
1077 3479 1161 3524 vero
1184 3471 1221 3525 et

229 3569 372 3650 numero
403 3561 437 3618 et
463 3549 623 3644 dignitate
645 3553 761 3624 ultimo
783 3567 883 3646 atque
906 3554 947 3624 ad
970 3554 1143 3624 vitandam
1163 3555 1220 3623 in-

229 3667 371 3719 suavem
400 3647 614 3720 iterationem
643 3653 808 3739 conficta,
837 3675 879 3721 un
903 3652 1074 3721 contrario
1097 3653 1218 3722 ordine

228 3747 328 3816 tertia
352 3747 396 3817 sit
423 3745 531 3836 primo
557 3745 634 3818 loeo
656 3749 831 3839 ponende,
858 3749 949 3818 unde
969 3749 1004 3818 in
1028 3749 1217 3839 archetypo
1293 3791 1294 3814 2

228 3841 272 3917 cl.
294 3867 343 3911 or.
367 3843 418 3917 nal
435 3848 516 3930 λέγει
531 3845 613 3936 αὖἿῷ
629 3854 740 3937 λέγων·
762 3850 867 3935 λεγόν
887 3869 949 3937 pet·
966 3869 1120 3916 errorem
1134 3869 1219 3939 pen·

228 3960 299 4026 ruo,
320 3939 442 4010 deinde
463 3961 524 4030 per
545 3946 793 4014 correctionem
815 3945 849 4015 in
872 3946 915 4022 cl.
930 3967 978 4014 or.
996 3945 1047 4019 uel
1062 3948 1218 4046 dmaepr'dr

227 4037 340 4124 MW'
367 4037 499 4124 Meldis·
518 4039 606 4111 et‘in
623 4043 650 4119 ‘ft
671 4043 728 4120 lat.
750 4043 895 4140 denique
915 4043 968 4118 ud
983 4047 1092 4154 ἕως.
1111 4047 1215 4134 λιγύ
1292 4097 1293 4102 1
