2608 4582
1014 334 1072 398 'ss

65 478 233 548 asticani
244 475 375 550 stabilis
392 477 602 548 auctoritatis
618 477 839 569 adoptabant,
855 479 916 554 abs
932 501 1002 572 qua
1020 501 1075 558 re·

65 575 209 646 cedere
235 575 353 660 religio
379 589 483 646 esset.
524 579 558 646 A
581 577 757 649 monachis
774 577 919 670 denique
938 579 1074 669 potissi-

66 696 179 742 mum
187 723 199 763 ,
213 673 389 742 hominum
398 695 524 759 genere
538 678 776 764 superstitiosa
785 677 980 772 diligentia,
997 667 1075 750 libri

66 774 175 842 sacri
201 774 440 842 exarabantur.

110 935 113 940 .
144 871 303 942 Eandem
327 895 410 940 vero
437 873 479 942 ob
507 895 666 963 causam,
690 874 771 956 quia
791 873 978 966 antiquitus
992 899 1075 968 prn-

71 973 188 1062 cipue
212 971 351 1042 licentia
365 973 553 1042 scribarum
571 987 606 1042 et
624 987 857 1046 correctorum
871 975 1072 1066 luxuriavit,

71 1093 152 1140 non
180 1092 257 1144 ⁴eu.
280 1083 373 1142 atate
408 1073 564 1143 codicum
583 1075 758 1144 sinceritas
787 1073 942 1144 editionis
969 1097 1074 1164 quam

75 1169 247 1240 exhibent
259 1173 451 1250 estimanda
471 1183 542 1263 est3
569 1171 629 1242 sed
646 1195 726 1242 cum
740 1172 821 1243 alias
836 1175 925 1242 inter
939 1173 1071 1246 codices

70 1268 236 1348 juniores
264 1283 299 1337 et
335 1284 467 1341 textum
492 1273 716 1340 recentiorem
742 1270 887 1340 multum
913 1270 1072 1360 interest,

78 1381 160 1436 tum
185 1367 334 1438 maxime
356 1368 390 1436 in
404 1393 437 1438 n.
452 1370 511 1458 Τ.,
530 1373 627 1455 cujus
651 1369 873 1460 interpolandi
892 1369 1071 1462 singularis

78 1464 230 1554 quidam
246 1463 392 1554 pruritus
406 1469 442 1537 in
460 1469 535 1560 ipsa
555 1467 753 1558 antiquitate
768 1466 950 1538 christiana
964 1468 1073 1538 domi·

79 1574 189 1632 natus
217 1575 278 1632 est.
319 1566 398 1636 lam
412 1589 494 1636 vero
514 1591 594 1640 cum
620 1567 762 1640 historia
785 1567 859 1648 eins
884 1565 1073 1637 editionum

82 1661 229 1745 doceat,
254 1667 461 1754 temporibus
479 1668 602 1752 priscis
621 1665 697 1757 plus
714 1689 815 1756 quam
828 1666 1071 1756 posterioribus

83 1762 121 1829 in
133 1773 234 1832 textu
249 1785 348 1832 sacro
365 1780 543 1854 peccatum
555 1767 681 1855 fuisse,
695 1764 778 1834 hinc
791 1767 1018 1849 argumentari
1032 1766 1072 1836 li-

85 1871 162 1947 cet,
177 1859 385 1949 exemplaria
401 1865 589 1953 posteriora
603 1865 645 1934 ob
660 1877 788 1935 atatem
798 1887 894 1934 suam
907 1889 977 1934 nou
991 1886 1072 1954 prae·

85 1957 255 2028 stantiora
263 1974 355 2030 certe
363 1983 450 2050 esse,
465 1975 503 2032 ut
511 1985 583 2052 qun
589 1963 834 2054 antiquioribus
841 1963 1074 2052 corruptissi-

85 2075 226 2154 tantur,
254 2062 317 2134 sed
346 2075 458 2134 tamen
479 2059 678 2151 plerumque
693 2062 729 2132 in
753 2059 909 2132 editionis
928 2060 1072 2132 veritate

88 2163 332 2233 vetustioribus
358 2160 453 2252 paria
473 2181 560 2232 esse.
601 2161 723 2252 Neque
743 2159 845 2253 igitur
860 2159 1073 2230 membrana·

86 2273 164 2329 rum
172 2256 327 2332 'vetustas
345 2261 380 2330 in
393 2281 434 2328 re
450 2257 567 2330 critica
580 2281 615 2328 n.
628 2259 689 2344 Τ.,
711 2270 870 2352 quantrm
881 2258 956 2328 lieri
965 2255 1074 2345 solet,

89 2370 267 2448 tantopere
289 2358 453 2440 jactanda
480 2358 621 2427 videtur.
663 2357 766 2427 Plura
793 2357 930 2448 quidem
951 2381 1073 2428 monu-

89 2471 205 2528 menta
226 2458 333 2530 seculi
347 2459 394 2527 X.
412 2471 448 2526 et
464 2456 529 2526 XI.
547 2455 666 2527 classis
681 2456 851 2528 orientalis
872 2457 994 2548 habet,
1012 2480 1074 2528 ue-

92 2577 260 2646 querere
287 2569 383 2625 tanta
406 2555 604 2645 antiquitate
630 2556 769 2649 gloriari
793 2570 923 2641 potest,
946 2570 1073 2647 quanta

94 2675 123 2721 e.
147 2676 179 2742 g.
205 2655 341 2738 codices
367 2677 439 2744 ns,
467 2675 611 2745 quorum
638 2654 862 2742 posteriorem
881 2654 922 2724 cl.
942 2655 1072 2738 Hugius

95 2772 160 2821 sec.
181 2752 240 2819 lv.
262 2753 425 2842 scriptum
446 2775 521 2823 esse
539 2751 689 2834 conjicit
731 2751 788 2820 Sin
806 2751 883 2841 quis
903 2751 980 2823 ideo
1003 2753 1074 2822 edi-

90 2851 220 2920 tionem
238 2851 483 2922 occidentalem
498 2849 713 2920 mundiorem
726 2848 916 2940 existimet,
937 2850 1072 2922 fallitur.

98 2950 186 3020 Casu
208 2949 298 3018 enim
319 2950 394 3018 lieri
415 2950 544 3040 potuit,
564 2961 603 3017 ut
620 2948 850 3018 vetustissima
868 2950 1075 3040 exemplaria

93 3049 211 3120 classis
249 3047 424 3118 orientalis
462 3050 507 3118 ob
531 3047 777 3118 multitudinem
804 3049 1075 3138 apographorum

97 3149 329 3235 recentiorum,
345 3148 387 3216 ob
399 3145 557 3217 incendia
566 3145 859 3235 bibliothecarum,
874 3148 916 3216 ob
924 3146 1075 3214 furorem
1196 3143 1200 3154 '

98 3247 239 3316 hostium
259 3245 369 3317 codici
393 3267 493 3315 sacro
511 3245 715 3316 infestorum
735 3244 993 3332 interciderent,
1016 3265 1076 3312 eo-

99 3367 169 3413 rum
191 3358 303 3414 tamen
321 3342 423 3412 editio
439 3342 474 3412 in
489 3343 614 3412 nostris
636 3342 811 3417 codicibus
826 3342 985 3434 religiose
1002 3363 1076 3411 ser-

101 3455 238 3518 varetur.
279 3444 331 3511 Re
356 3464 438 3512 vera
451 3442 509 3534 qui
532 3455 714 3531 supersunt
733 3439 926 3510 Enthaliani
937 3438 1073 3510 codices

102 3542 140 3610 lb
161 3544 258 3618 (Act.
282 3544 334 3612 ²16.
352 3540 471 3622 Paul.)
496 3553 531 3610 et
549 3553 666 3610 noster
693 3548 787 3627 toa,
806 3563 950 3630 quorum
971 3538 1073 3608 editio

103 3637 312 3709 alexandrina
323 3640 433 3709 mixta
448 3652 501 3710 est
513 3661 593 3708 cum
611 3636 756 3707 editione
772 3639 910 3708 Eusebii
933 3639 1076 3706 Cesare-

104 3735 253 3822 ensis‚sii
279 3738 474 3828 ubicunqne
497 3736 663 3806 afamilia
687 3736 836 3806 africana
863 3736 1073 3826 discreparit,

104 3857 173 3903 cum
192 3834 304 3904 classe
319 3835 476 3906 orientali
497 3835 689 3905 consentire
705 3833 823 3902 solent.
866 3833 975 3917 Igitur
993 3853 1076 3901 cou-

102 3936 221 4013 jectura
239 3933 390 4004 Scholzii
406 3934 484 4004 loco
501 3932 603 4002 modo
624 3931 796 4000 rrorrrinato
812 3953 843 4020 p.
870 3937 921 4000 48.
938 3929 1075 3999 minime

107 4032 283 4121 respuenda
296 4032 451 4121 videtur,
474 4030 656 4101 editionem
668 4028 938 4100 orientalemseu
950 4029 1075 4117 byzan-
