2608 4582
1051 327 1074 396 9

56 478 319 570 scholiorum,
333 478 525 574 glossarum
543 494 579 550 et
593 477 764 552 scribendi
785 477 985 552 mendorum
1004 483 1094 568 ler-¹

58 580 171 650 tuito
184 591 270 652 nata
281 591 335 651 est
349 627 360 669 ,
374 579 519 670 ideoque
530 601 665 667 omues,
681 581 711 668 si
727 579 814 650 forte
830 579 980 672 excipias
991 603 1074 670 pau.

61 701 139 748 cos
163 678 276 748 libros
293 679 392 748 mixti
405 678 537 762 generis
551 679 752 770 singulaque
769 677 847 749 loca
867 679 902 748 iu
922 676 1075 769 complu·

59 777 184 847 ribus
212 801 234 846 a
255 797 397 848 censore
420 776 568 868 quodam
596 777 788 865 immutata,
812 775 848 846 in
877 778 1075 850 uuiversum

66 872 280 972 diligimur
293 887 391 964 sunt3
403 898 512 966 neque
527 876 562 946 in
575 876 808 959 recensiones,
826 873 930 946 sedin
947 876 1075 948 classes

68 985 113 1042 et
135 973 290 1043 familias
312 973 541 1044 distribuendi.
583 975 663 1065 Ipse
682 973 922 1046 Griesbacbius
940 976 976 1044 in
996 975 1075 1044 Me-

67 1068 250 1142 lctemate
269 1072 316 1142 11.
342 1072 384 1142 de
406 1074 546 1144 vetustis
566 1086 682 1144 textus
701 1097 736 1143 n.
758 1073 799 1145 T.
816 1074 1075 1146 recensionibus

73 1169 150 1254 (in
169 1171 288 1257 iionte
306 1172 548 1242 Commentarii
572 1172 690 1244 Critici
706 1175 743 1242 P.
765 1176 806 1247 ll.
828 1193 862 1263 p.
884 1172 1077 1252 XXXIV.)

74 1269 203 1341 fassus
235 1283 290 1340 est
317 1271 452 1342 nonnisi
472 1271 726 1342 alexandrinam
746 1273 980 1342 recensionem
996 1293 1076 1362 pro·

74 1369 162 1458 prie
187 1391 268 1440 esse
291 1368 487 1452 dicendam,
504 1371 539 1440 in
565 1371 799 1459 componendo
827 1369 1019 1458 Evangelio·
1040 1383 1076 1442 et

78 1469 261 1556 Apostolo
288 1467 513 1558 elaboratam,
549 1470 771 1540 occidentalia
797 1483 917 1540 conus
943 1481 978 1539 et
1009 1472 1077 1538 ori·
1132 1538 1135 1550 Δ

82 1565 219 1636 entalia
241 1567 446 1658 exemplaria
466 1591 548 1640 casu
572 1569 685 1660 potius
705 1563 843 1659 propter
861 1568 1077 1640 librariorum

82 1666 258 1738 incuriam
286 1689 327 1737 ac
352 1666 500 1752 singulas
521 1689 702 1738 censorum
720 1665 923 1738 mutationes
947 1665 1077 1736 discre-

84 1788 182 1857 pare.
226 1767 414 1836 confiutur
441 1767 543 1836 etiam
557 1767 687 1858 Hugius
709 1763 890 1834 editionem
911 1763 1078 1835 librorum

86 1862 406 1968 nurcabiipbmer
419 1887 504 1936 esse.
529 1865 602 1934 'Sed
616 1881 677 1932 our
690 1862 779 1949 banc
791 1863 953 1954 precipue
966 1884 1074 1953 opere

88 1962 291 2032 criticorum
303 1964 442 2034 eximit?
458 1963 594 2034 Scilicet
605 1965 683 2054 quia
694 1961 850 2033 Clemens
862 1961 959 2051 alex,
972 1984 1076 2053 quem

90 2061 276 2132 editionem
300 2061 472 2154 vulgatam
494 2063 593 2155 sequi
617 2062 684 2149 ait,
701 2073 784 2130 ‘curn
803 2059 933 2152 aliquot
954 2058 1076 2130 lectio-

90 2161 191 2232 nibus
206 2161 240 2228 in
255 2181 337 2230 nur
348 2161 499 2232 cobviis
516 2161 729 2253 consentiat,
751 2158 814 2232 sed
831 2159 895 2230 iste
911 2181 1003 2251 uque
1021 2157 1078 2229 vel

93 2258 169 2348 plus
191 2259 293 2332 etiam
316 2283 398 2329 cum
419 2281 501 2330 unc
525 2260 683 2330 concinit.
725 2257 851 2347 Addit,
872 2259 952 2350 quia
974 2257 1078 2328 editio

94 2359 256 2430 librorum
273 2379 351 2428 asc
368 2359 546 2452 purgatior
565 2358 630 2448 sit,
650 2355 712 2428 sed
734 2356 817 2448 quin
833 2356 952 2428 eadem
971 2355 1076 2426 editio

96 2457 233 2552 vulgata
255 2459 411 2530 etminus
423 2471 458 2528 et
473 2457 580 2546 magis
595 2468 754 2548 corrupta
765 2477 841 2526 esse
855 2457 964 2546 possit
973 2506 985 2545 ,
1004 2479 1076 2527 non

98 2557 213 2648 video;
237 2569 272 2646 et
290 2578 374 2626 mox
397 2555 680 2640 monstrabimus,
700 2553 882 2627 nonnullos
906 2579 1018 2626 nevos
1041 2557 1077 2652 in

100 2655 343 2726 subsecundo
366 2655 443 2728 loco
467 2655 635 2726 derivatos
651 2675 750 2744 esse,
775 2666 811 2725 et
830 2652 944 2725 solum
967 2653 1077 2743 primo

102 2751 232 2822 codices
253 2774 370 2839 puro
394 2775 573 2844 peccasse,
605 2753 684 2824 alibi
715 2754 818 2822 etiam
844 2772 958 2822 nuso
981 2753 1076 2824 solos

102 2863 190 2920 recte
206 2849 337 2945 legere,
356 2852 404 2922 ita
416 2854 502 2922 utin
516 2852 570 2922 his
585 2852 669 2924 locis
686 2850 787 2922 editio
807 2850 886 2924 cdd.
901 2873 979 2923 unc
1000 2873 1077 2922 cor-
1124 2895 1128 2910 ι

100 2950 224 3040 ruptior·
234 2963 275 3020 et
291 2946 598 3048 magis'ibr‘pburoe
618 2961 787 3041 appareat.
808 2949 843 3032 ⁴¹)

161 3048 303 3142 Quando
339 3050 383 3120 de
405 3053 605 3144 antiquitate
633 3065 667 3119 et
685 3049 883 3142 prestantia
913 3049 1078 3140 utriusque
1122 3065 1127 3082 “

103 3151 244 3240 apminis
265 3149 423 3220 codicum
437 3170 549 3220 sermo
563 3149 725 3238 infertur,
746 3149 782 3216 in
797 3146 950 3218 diversas
965 3159 1078 3235 partes

96 3251 237 3334 ¹abeunti
245 3248 379 3318 eruditi.
421 3249 610 3339 Postquam
633 3247 820 3340 Benpelius
841 3245 1079 3322 auctoritatem

108 3349 259 3418 librorum
275 3349 510 3448 gregariorum
530 3342 649 3417 classis
669 3343 841 3417 orientalis
860 3367 1001 3416 numero
1019 3368 1076 3436 po-

140 3625 164 3695 *)
194 3625 409 3682 Griesbachius
427 3626 457 3681 in
475 3625 646 3682 comment.
666 3623 733 3679 crit.
750 3623 788 3680 P.
804 3621 842 3680 11.
862 3633 891 3696 p'.
904 3623 982 3682 LIV.
1000 3631 1079 3678 tem.

73 3771 81 3788 ‚
138 3745 139 3750 κ
185 3711 299 3780 'porum
312 3709 428 3764 ratione
446 3708 590 3764 adductus
607 3707 706 3777 Hugio
720 3706 912 3778 obloquitur,
930 3705 1078 3776 Hesychi.

193 3799 244 3850 um
260 3801 330 3862 post
346 3792 468 3846 tertium
485 3792 622 3846 seculum
638 3791 771 3846 medium
789 3791 909 3846 demum
922 3789 1074 3855 floruisse,
1126 3859 1127 3862 Ἴ

193 3876 245 3932 sed
258 3877 324 3946 jam
340 3885 426 3932 antea
442 3876 631 3933 Clementem
649 3876 686 3930 al.
705 3883 736 3928 et
748 3873 912 3942 Origenem
925 3871 1076 3940 exemplu.
1219 3883 1220 3887 ’

194 3961 275 4026 ribus
293 3961 371 4016 alex.
390 3959 428 4016 ab
446 3959 574 4018 editione
591 3952 669 4038 κοινῇ
683 3953 985 4015 adrnodum'diversis
1001 3967 1075 4006 usos
1103 3981 1109 4002 ,

195 4041 291 4099 fuisse.
