2614 4594
236 297 298 364 248
903 304 1021 356 coar.
1038 305 1224 358 namnam

236 447 464 520 Wetstenium
487 434 763 514 ctFritzsobium
785 435 819 504 in
833 431 958 508 Mattb.
971 456 1005 523 p.
1022 435 1064 508 95
1084 457 1226 526 persua·
1296 403 1297 456 l

233 565 337 616 euros
356 563 433 614 esse
454 541 617 627 arbitror,
646 535 745 608 codd.
765 533 864 624 illos,
883 554 937 626 gr.
959 546 1124 606 exaratos
1146 557 1225 606 csse

237 643 280 714 ad
307 642 415 712 instar
440 636 717 722 translationum,
745 655 818 725 qua
835 633 870 702 in
892 631 998 704 tribus
1020 634 1226 724 synonymis

238 737 480 812 transferendis
499 736 722 827 laborarent,

300 957 398 1021 v.10.
427 947 481 1040 apl
496 960 573 1039 post
589 951 628 1018 dl
648 943 735 1016 absit
755 943 954 1016 auctoritate
976 946 1114 1016 eloco.
1159 947 1227 1016 De·
1296 943 1297 1032 ]

238 1050 338 1120 betur
358 1046 435 1116 loco
450 1045 612 1138 parallelo
626 1046 706 1117 Luc.
721 1049 752 1134 3,
766 1054 800 1132 9,
821 1045 879 1113 ubi
894 1045 1006 1114 codex
1022 1065 1045 1114 u
1065 1067 1230 1136 compen·
1296 1049 1297 1056 '

239 1144 379 1218 sationis
401 1145 510 1239 gratia
524 1146 577 1216 eal
589 1166 684 1236 aeque
699 1165 741 1214 ac
756 1144 790 1213 in
805 1141 966 1214 Mattbao
983 1144 1106 1215 omisit.
1140 1148 1231 1214 Cum
1296 1165 1297 1210 3

241 1266 321 1314 vero
345 1245 387 1314 ob
409 1243 486 1314 loca
507 1239 666 1333 parallelo
687 1240 867 1331 sepissime
882 1255 1059 1331 peccatum
1073 1242 1136 1329 sit,
1159 1241 1231 1314 haro

240 1365 344 1412 oausa
358 1341 558 1425 adjectionis
573 1338 779 1430 probabilior
794 1353 867 1430 est,
887 1361 989 1432 quam
1005 1363 1110 1411 causa
1126 1343 1230 1412 omis·
1296 1403 1297 1406 ,

242 1440 365 1528 sionis,
388 1462 459 1531 qua
481 1435 702 1508 Griesbaohio
724 1442 759 1506 in
781 1439 914 1510 Comm.
934 1461 982 1514 cr.
1005 1462 1036 1528 p.
1053 1441 1094 1509 al
1111 1461 1167 1532 sq.
1188 1441 1233 1509 vi·
1296 1465 1297 1518 t

240 1537 404 1626 debatur,
426 1537 523 1630 quasi
543 1535 669 1606 librarii
689 1537 758 1608 vim
780 1533 950 1625 particulae
973 1538 1028 1608 ael
1042 1561 1115 1608 nou
1136 1562 1232 1611 asse·

244 1636 314 1708 cuti
334 1638 470 1706 fuerint.
707 1644 708 1653 ’
1296 1709 1297 1716 ,

303 1759 339 1810 v.
353 1744 404 1808 11.
433 1733 485 1806 ael
500 1733 576 1835 impl
590 1753 608 1802 c
622 1730 716 1804 Luca
731 1737 763 1821 3,
780 1734 819 1802 16
840 1731 1012 1804 invectum
1025 1747 1121 1804 recte
1135 1735 1233 1828 iguo·
1296 1743 1297 1790 3

243 1845 338 1904 ratur
359 1833 486 1924 aSyro
507 1831 596 1900 hier.
619 1843 654 1900 ct
673 1829 847 1924 octoginta
866 1831 1017 1923 quinque
1032 1832 1233 1922 pluribusve
1296 1867 1297 1878 ἢ

245 1930 320 2002 cdd.
336 1952 388 2024 gr.
418 1929 619 2018 Euthymius
636 1927 773 2019 quoque
788 1931 824 1999 in
838 1931 1090 2002 Commentario
1108 1931 1233 2030 diserte
1296 1979 1297 2025 ,

246 2028 311 2100 soli
332 2029 432 2098 Lucae
455 2027 580 2097 tribuit.
623 2027 722 2120 Nego
752 2028 867 2119 itaque
895 2029 1087 2120 antiquiora
1115 2052 1234 2100 exem·
1296 2029 1297 2112 l

244 2127 350 2217 plaria
378 2149 486 2220 graeca
513 2147 589 2196 csse
618 2124 801 2216 audienda,
831 2149 1037 2218 quamquam
1067 2130 1175 2198 etiam
1200 2129 1234 2198 in
1296 2113 1297 2174 Ὗ

243 2226 306 2314 iis,
326 2248 401 2318 quae
424 2225 603 2313 omittunt,
626 2236 708 2294 sunt
727 2223 834 2299 seculi
855 2225 954 2295 Vlll.
978 2227 1034 2298 IX
1057 2239 1092 2296 ct
1113 2229 1164 2298 X.
1204 2231 1235 2299 A
1296 2257 1297 2310 ς

245 2323 476 2419 perveteribus
499 2321 709 2393 documentis
730 2321 911 2404 (Peschito
926 2346 954 2394 e.
970 2332 1022 2418 g.)
1047 2325 1132 2396 item
1154 2337 1237 2398 v-tb

246 2424 325 2499 adli
343 2435 419 2512 post
432 2421 514 2497 oller
537 2419 721 2491 omittendo
737 2435 773 2495 et
788 2436 866 2514 post
878 2426 1035 2498 incolam
1048 2427 1234 2510 rejiciendo

228 2513 455 2609 'bnassau
479 2521 741 2610 exprimebatur,
763 2522 974 2602 (Fritzsobio
994 2525 1028 2592 in
1051 2525 1183 2600 Mattb.
1205 2549 1235 2617 p.

248 2629 308 2692 tat
330 2618 418 2690 male
441 2624 648 2706 annuente,)
676 2619 766 2690 uude
794 2619 871 2692 abbi
894 2620 975 2691 illud
997 2624 1074 2702 adli
1097 2626 1234 2694 omniuo

247 2717 477 2789 intercidebat
527 2715 630 2810 Quod
662 2717 794 2787 Gricsb.
825 2719 860 2788 in
891 2721 1023 2792 comm.
1056 2743 1106 2796 cr.
1142 2747 1177 2813 p.
1197 2731 1235 2792 28

249 2818 381 2905 objicit,
411 2817 447 2886 in
468 2815 580 2885 Marci
607 2827 642 2886 ct
662 2815 828 2888 Johanuis
850 2818 934 2889 loeis
957 2817 1128 2910 parallelis
1153 2845 1236 2890 non·

248 2915 314 2984 nisi
342 2913 564 3005 paucissimos
596 2913 672 2988 cdd.
700 2916 832 2986 eLuoa
861 2915 914 2987 sel
936 2917 1016 3018 aopi
1042 2917 1235 3006 invexisse,

249 3023 368 3081 contra
388 3011 423 3079 in
439 3010 598 3080 Matthao
620 3011 871 3102 antiquissimos
894 3025 927 3083 et
941 3017 1233 3103 praesentissimos
1296 3017 1297 3072 l

249 3111 302 3180 nal
316 3111 392 3206 πυρί
402 3107 582 3197 exhibere,
603 3107 688 3178 nihil
702 3132 784 3182 saue
800 3111 898 3200 dicit,
917 3135 996 3182 cum
1011 3113 1103 3184 inter
1117 3137 1233 3186 ornnes

251 3219 405 3296 constet,
427 3207 504 3280 cdd.
524 3219 693 3278 vetustate
716 3222 751 3278 et
771 3209 973 3282 excellentia
993 3209 1167 3302 pollentes
1187 3213 1234 3282 ni-

137 3313 139 3318 ’
251 3301 433 3376 lrilominus
454 3305 496 3378 ad
512 3305 704 3400 augendum
719 3319 918 3378 contextum
934 3331 953 3378 e
967 3309 1052 3380 locis
1069 3333 1144 3400 par.
1161 3333 1235 3400 pro·

253 3400 355 3473 olives
382 3403 498 3480 fuisse.
540 3405 631 3476 Tum
660 3404 795 3496 dubito,
826 3430 869 3476 an
895 3408 1140 3500 Gricschhius
1170 3411 1237 3482 oui·

251 3520 353 3590 quant
380 3523 603 3589 persuasurus
629 3503 692 3592 sit,
722 3525 767 3573 cx
789 3505 1034 3598 Evangeliariis
1056 3506 1237 3593 lectionem

252 3595 517 3670 ecclesiasticam
543 3601 577 3670 iu
599 3603 712 3673 verbis
734 3609 761 3677 b
780 3603 924 3693 medarde
943 3606 1022 3696 siole
1042 3605 1236 3690 linientibus

253 3694 472 3766 omissionem
493 3699 592 3770 istam
613 3712 729 3770 natam
743 3713 777 3770 et
790 3714 1009 3792 propagatam
1025 3724 1114 3774 esse.
1154 3703 1236 3797 Quis

253 3795 342 3864 enirn
362 3818 432 3866 non
453 3797 564 3888 videt,
585 3797 766 3870 lectionem
788 3797 974 3889 publicam,
1001 3799 1069 3872 nisi
1090 3801 1146 3875 ael
1167 3802 1240 3899 reug!

253 3892 406 3980 spurium
432 3892 584 3968 habitum
612 3909 721 3985 esset,
748 3899 783 3966 in
803 3897 916 3967 verbis
937 3905 964 3968 ta
988 3899 1136 3988 mesaab
1162 3901 1236 3989 dpt'p

254 4010 323 4058 uon
345 3989 510 4069 desiisset
537 3992 660 4085 Neque
679 3993 809 4068 felicius
830 3993 1038 4068 Fritzscbius
1061 3999 1096 4068 iu
1113 3996 1234 4071 Mam

1128 4119 1161 4186 p.
