2614 4594
389 773 1065 1008 'Appendix

240 1064 608 1166 Emendationum
634 1080 679 1148 et
705 1057 1077 1154 Observationum
1112 1057 1224 1154 miti.

248 1191 251 1201 ’
481 1228 631 1314 earum
657 1201 708 1288 in
735 1200 981 1312 Evangelio.

243 1417 303 1504 Ut
318 1429 497 1523 Apostoli,
515 1429 564 1503 ita
577 1425 840 1522 Evangeliorum
860 1434 999 1502 vetusta
1018 1421 1228 1514 ammplarin

243 1531 277 1612 in
293 1529 388 1698 guas
418 1529 545 1604 classes
573 1523 753 1602 dividenda
777 1533 880 1613 sunt,
912 1521 1166 1596 occidentalem
1194 1531 1227 1590 et

245 1652 299 1708 ori
318 1626 461 1697 ntalem.
502 1626 601 1696 Prior
628 1619 746 1693 classis
775 1643 944 1712 nusquam
971 1623 1080 1712 magis
1108 1619 1231 1691 distin·
1292 1665 1293 1674 κ

245 1741 336 1800 ctam
361 1737 397 1798 et
423 1724 572 1797 nativam
596 1719 744 1793 indolem
766 1718 914 1808 obtinet,
943 1739 1045 1811 quam
1064 1719 1101 1788 in
1123 1741 1228 1794 mem·

218 1895 226 1910 ,
244 1825 358 1902 branis
372 1842 458 1912 run,
480 1843 555 1914 quae
576 1843 597 1892 s
616 1831 731 1890 cecera
754 1817 853 1917 turba
869 1813 1026 1888 codicum
1040 1839 1145 1912 quam
1159 1841 1230 1890 ma-

245 1924 338 1992 xime
367 1919 547 2011 dissident,
576 1913 729 2010 adeoque
750 1917 939 2000 conjuncte
958 1937 1061 1986 unam
1083 1915 1230 1992 classem

248 2017 345 2099 alteri
358 2017 548 2109 oppositam
563 2017 729 2106 efficiunt,
748 2037 890 2107 eamque
906 2013 1155 2087 occidentalem
1167 2038 1230 2105 pro

250 2116 404 2198 affinitate
425 2137 502 2185 cum
516 2114 753 2206 interpretibus
769 2124 804 2184 et
817 2113 969 2204 panibus
987 2110 1230 2204 alexandrinis,

250 2212 572 2306 carthaginiensibus
590 2224 626 2287 ct
639 2211 763 2291 latinis.
798 2207 839 2286 lc
853 2209 963 2289 classe
977 2231 1051 2286 ooo.
1066 2208 1139 2286 duc
1152 2211 1232 2283 sub·
1295 2281 1296 2290 ,

138 2377 140 2381 .
250 2311 432 2388 divisiones
454 2301 719 2403 distinguuntur:
735 2307 886 2398 seruilia
905 2308 1073 2397 africana
1093 2321 1132 2384 ct
1155 2307 1233 2379 idti-

250 2429 314 2492 nar
341 2408 400 2478 illa
420 2408 595 2483 codicibus
615 2427 678 2498 nn,
706 2406 780 2478 haec
799 2429 867 2478 uno
890 2405 1004 2498 codo
1026 2407 1232 2480 continet-ur.

250 2507 396 2579 iunctos
409 2525 476 2576 nnn
495 2506 530 2575 in
550 2513 589 2576 r'e
611 2506 728 2579 critica
748 2505 1012 2599 Evangeliorum
1025 2514 1163 2576 tantum
1176 2529 1236 2576 va-

251 2605 322 2676 lere
338 2601 518 2695 contendo,
537 2615 702 2697 quantum
717 2619 851 2678 ceteros
868 2605 967 2680 codd
982 2617 1147 2694 cunctos,
1170 2605 1236 2680 nisi

253 2704 345 2796 quod
364 2715 574 2776 momentum
594 2703 637 2775 ad
657 2703 900 2775 moderandum
920 2701 1085 2787 judicium
1107 2703 1160 2775 ita
1181 2725 1237 2774 noa

254 2801 371 2890 cedat,
399 2801 539 2892 utplus
567 2799 677 2881 occid.
691 2802 897 2879 *orientalise
924 2801 1025 2872 classi
1053 2801 1237 2880 tribuatur.

256 2897 358 2992 Quod
378 2921 460 2980 vero
484 2922 586 2991 supra
606 2899 799 2991 docuimus,
819 2899 863 2971 ad
877 2900 990 2992 qualia
1003 2901 1084 2976 vitia
1099 2900 1238 2994 singula

256 2997 383 3074 classes
405 3010 439 3068 et
464 2997 596 3074 familia
622 2999 835 3088 potissimum
854 2998 1040 3086 inclinent,
1068 2999 1237 3075 etiamad

256 3095 443 3186 Evaugslis
461 3096 615 3190 pertinen
651 3096 830 3168 Schoinius
852 3095 895 3172 ol.
914 3119 964 3179 or,
983 3096 1135 3174 maxime
1157 3121 1235 3189 pro·

256 3195 332 3284 bat,
357 3193 448 3284 quod
469 3195 504 3262 in
525 3201 565 3264 ea
586 3205 638 3264 tot
658 3194 864 3286 exemplaria
885 3195 1009 3286 optime
1029 3197 1236 3286 conspirent.

258 3291 338 3360 Nou
359 3291 501 3362 dedecet
523 3286 659 3388 q'uidem
673 3291 708 3364 id
722 3306 956 3384 argumentum
970 3287 1170 3387 ¹theologum
1184 3315 1236 3364 ca-

260 3385 433 3474 iholicum,
468 3389 535 3459 Sed
558 3403 667 3462 tamen
689 3392 730 3460 ab
752 3413 792 3460 eo
816 3413 960 3486 quarere
980 3391 1078 3479 licet,
1101 3404 1235 3462 textus-

259 3505 304 3558 nc
325 3484 427 3578 vulgo
448 3500 603 3578 receptus
627 3501 803 3578 propterea
823 3489 1029 3583 prestantius·
1050 3489 1115 3578 sit,
1144 3489 1236 3580 quod

261 3586 296 3668 in
317 3582 466 3673 plurimis
490 3586 690 3657 editionibus
711 3598 842 3675 exstem
863 3609 906 3660 au
920 3586 1027 3666 sicubi
1040 3585 1234 3675 hcreamus

263 3679 304 3760 nri
327 3679 392 3756 alia
413 3681 618 3772 exemplaria
639 3683 898 3776 confugiendum
918 3684 976 3758 sit.

332 3803 443 3895 Caput
459 3803 514 3873 lx
528 3802 694 3872 iohannis
715 3803 869 3892 exemplo
894 3805 957 3892 sit,
978 3825 1046 3894 quo
1069 3805 1148 3881 cdd.
1167 3805 1233 3876 dis-.

266 3901 451 3990 crepantia,
480 3900 606 3970 classes
632 3912 666 3968 ct
685 3901 833 3991 familia,
860 3923 1039 3992 carumque
1060 3915 1234 3990 naturaei

266 3997 411 4080 coruino
434 3997 654 4082 decianus
989 4000 993 4007 '
