<?xml version="1.0" encoding="UTF-8"?>
<!DOCTYPE html PUBLIC "-//W3C//DTD XHTML 1.0 Transitional//EN"
    "http://www.w3.org/TR/xhtml1/DTD/xhtml1-transitional.dtd">
<html xmlns="http://www.w3.org/1999/xhtml" xml:lang="en" lang="en">
 <head>
  <title>
</title>
<meta http-equiv="Content-Type" content="text/html;charset=utf-8" />
  <meta name='ocr-system' content='tesseract 3.04.00' />
  <meta name='ocr-capabilities' content='ocr_page ocr_carea ocr_par ocr_line ocrx_word'/>
</head>
<body>
  <div class='ocr_page' id='page_1' title='image "./lucubratiocriti01rincgoog_0245.png"; bbox 0 0 2614 4594; ppageno 0'>
   <div class='ocr_carea' id='block_1_1' title="bbox 256 315 1236 396">
    <p class='ocr_par' dir='ltr' id='par_1_1' title="bbox 256 315 1236 396">
     <span class='ocr_line' id='line_1_1' title="bbox 256 315 1236 396; baseline 0.006 -16"><span class='ocrx_word' id='word_1_1' title='bbox 256 315 316 381; x_wconf 74' lang='lat'><strong>2⁵8</strong></span> <span class='ocrx_word' id='word_1_2' title='bbox 918 332 964 380; x_wconf 79' lang='lat' dir='ltr'><strong>ro</strong></span> <span class='ocrx_word' id='word_1_3' title='bbox 980 333 1036 383; x_wconf 81' lang='lat' dir='ltr'><strong>nv.</strong></span> <span class='ocrx_word' id='word_1_4' title='bbox 1054 335 1236 396; x_wconf 73' lang='lat' dir='ltr'><strong>mennam</strong></span> 
     </span>
    </p>
   </div>
   <div class='ocr_carea' id='block_1_2' title="bbox 256 459 1294 2228">
    <p class='ocr_par' dir='ltr' id='par_1_2' title="bbox 256 459 1294 2228">
     <span class='ocr_line' id='line_1_2' title="bbox 258 459 1239 556; baseline -0.001 -20"><span class='ocrx_word' id='word_1_5' title='bbox 258 464 413 536; x_wconf 88' lang='lat' dir='ltr'><strong>ctoritate</strong></span> <span class='ocrx_word' id='word_1_6' title='bbox 435 464 476 536; x_wconf 86' lang='lat' dir='ltr'><strong>cl.</strong></span> <span class='ocrx_word' id='word_1_7' title='bbox 493 487 585 552; x_wconf 81' lang='lat' dir='ltr'><strong>oce,</strong></span> <span class='ocrx_word' id='word_1_8' title='bbox 606 477 675 532; x_wconf 91' lang='lat' dir='ltr'><strong>tum</strong></span> <span class='ocrx_word' id='word_1_9' title='bbox 697 475 735 532; x_wconf 87' lang='lat' dir='ltr'><strong>ut</strong></span> <span class='ocrx_word' id='word_1_10' title='bbox 755 463 865 534; x_wconf 88' lang='lat' dir='ltr'><strong>miuus</strong></span> <span class='ocrx_word' id='word_1_11' title='bbox 887 459 1051 532; x_wconf 79' lang='lat' dir='ltr'><strong>concinat</strong></span> <span class='ocrx_word' id='word_1_12' title='bbox 1072 484 1152 542; x_wconf 84' lang='lat' dir='ltr'><strong>curu</strong></span> <span class='ocrx_word' id='word_1_13' title='bbox 1171 464 1194 536; x_wconf 89' lang='lat' dir='ltr'><strong>l.</strong></span> <span class='ocrx_word' id='word_1_14' title='bbox 1209 488 1239 556; x_wconf 86' lang='lat' dir='ltr'><strong>p.</strong></span> 
     </span>
     <span class='ocr_line' id='line_1_3' title="bbox 257 560 1242 654; baseline -0.003 -19"><span class='ocrx_word' id='word_1_15' title='bbox 257 567 337 642; x_wconf 84' lang='lat' dir='ltr'><strong>Luc.</strong></span> <span class='ocrx_word' id='word_1_16' title='bbox 352 569 384 654; x_wconf 79' lang='lat'><strong>7,</strong></span> <span class='ocrx_word' id='word_1_17' title='bbox 399 571 459 650; x_wconf 78' lang='lat'><strong>³2,</strong></span> <span class='ocrx_word' id='word_1_18' title='bbox 488 585 588 654; x_wconf 89' lang='lat' dir='ltr'><strong>quem</strong></span> <span class='ocrx_word' id='word_1_19' title='bbox 609 560 865 649; x_wconf 78' lang='lat' dir='ltr'>interpolatores</span> <span class='ocrx_word' id='word_1_20' title='bbox 887 561 1103 650; x_wconf 73' lang='lat' dir='ltr'>expressisse</span> <span class='ocrx_word' id='word_1_21' title='bbox 1126 562 1242 635; x_wconf 87' lang='lat' dir='ltr'><strong>viden-</strong></span> 
     </span>
     <span class='ocr_line' id='line_1_4' title="bbox 257 659 1239 759; baseline -0.003 -27"><span class='ocrx_word' id='word_1_22' title='bbox 257 676 322 751; x_wconf 88' lang='lat' dir='ltr'><strong>tur,</strong></span> <span class='ocrx_word' id='word_1_23' title='bbox 345 675 378 732; x_wconf 90' lang='lat' dir='ltr'><strong>et</strong></span> <span class='ocrx_word' id='word_1_24' title='bbox 398 671 423 736; x_wconf 81' lang='lat' dir='ltr'><strong>ir</strong></span> <span class='ocrx_word' id='word_1_25' title='bbox 443 664 546 759; x_wconf 57' lang='grc' dir='ltr'><em>ἐφορᾷ</em></span> <span class='ocrx_word' id='word_1_26' title='bbox 566 664 645 744; x_wconf 90' lang='lat' dir='ltr'><strong>(seu</strong></span> <span class='ocrx_word' id='word_1_27' title='bbox 666 661 811 759; x_wconf 65' lang='lat' dir='ltr'><strong>dyogeie)</strong></span> <span class='ocrx_word' id='word_1_28' title='bbox 838 665 1019 746; x_wconf 64' lang='lat' dir='ltr'><strong>sessum</strong></span> <span class='ocrx_word' id='word_1_29' title='bbox 1040 659 1239 732; x_wconf 90' lang='lat' dir='ltr'><strong>invertendo</strong></span> 
     </span>
     <span class='ocr_line' id='line_1_5' title="bbox 257 756 1239 860; baseline 0 -30"><span class='ocrx_word' id='word_1_30' title='bbox 257 765 290 832; x_wconf 85' lang='lat' dir='ltr'><strong>itt</strong></span> <span class='ocrx_word' id='word_1_31' title='bbox 308 761 350 834; x_wconf 86' lang='lat' dir='ltr'><strong>cl.</strong></span> <span class='ocrx_word' id='word_1_32' title='bbox 365 759 472 847; x_wconf 77' lang='lat' dir='ltr'><strong>or.*),</strong></span> <span class='ocrx_word' id='word_1_33' title='bbox 495 773 529 828; x_wconf 79' lang='lat' dir='ltr'><strong>tl</strong></span> <span class='ocrx_word' id='word_1_34' title='bbox 546 757 597 829; x_wconf 75' lang='lat' dir='ltr'><strong>nui</strong></span> <span class='ocrx_word' id='word_1_35' title='bbox 613 762 792 858; x_wconf 65' lang='lat' dir='ltr'><strong>ngcepordcr</strong></span> <span class='ocrx_word' id='word_1_36' title='bbox 809 761 871 835; x_wconf 72' lang='grc' dir='ltr'><strong>τοῖς</strong></span> <span class='ocrx_word' id='word_1_37' title='bbox 888 756 1011 857; x_wconf 67' lang='lat' dir='ltr'><strong>iieigorc</strong></span> <span class='ocrx_word' id='word_1_38' title='bbox 1030 761 1112 833; x_wconf 83' lang='lat' dir='ltr'><strong>(seu</strong></span> <span class='ocrx_word' id='word_1_39' title='bbox 1130 763 1239 860; x_wconf 64' lang='lat' dir='ltr'><strong>iligen)</strong></span> 
     </span>
     <span class='ocr_line' id='line_1_6' title="bbox 257 853 1238 944; baseline 0 -14"><span class='ocrx_word' id='word_1_40' title='bbox 257 861 350 937; x_wconf 68' lang='lat' dir='ltr'><strong>ediis</strong></span> <span class='ocrx_word' id='word_1_41' title='bbox 372 857 423 928; x_wconf 74' lang='lat' dir='ltr'><strong>aa&gt;</strong></span> <span class='ocrx_word' id='word_1_42' title='bbox 450 865 568 943; x_wconf 65' lang='lat' dir='ltr'><strong>alm</strong></span> <span class='ocrx_word' id='word_1_43' title='bbox 591 858 761 928; x_wconf 85' lang='lat' dir='ltr'><strong>mutando.</strong></span> <span class='ocrx_word' id='word_1_44' title='bbox 805 853 1008 944; x_wconf 84' lang='lat' dir='ltr'><strong>Repudiarit</strong></span> <span class='ocrx_word' id='word_1_45' title='bbox 1028 857 1238 930; x_wconf 84' lang='lat' dir='ltr'><strong>Fritzsclrius</strong></span> 
     </span>
     <span class='ocr_line' id='line_1_7' title="bbox 262 954 1242 1050; baseline 0.003 -24"><span class='ocrx_word' id='word_1_46' title='bbox 262 981 294 1048; x_wconf 86' lang='lat' dir='ltr'><strong>p.</strong></span> <span class='ocrx_word' id='word_1_47' title='bbox 311 959 371 1028; x_wconf 78' lang='lat' dir='ltr'><strong>too</strong></span> <span class='ocrx_word' id='word_1_48' title='bbox 393 954 482 1025; x_wconf 85' lang='lat' dir='ltr'><strong>illam</strong></span> <span class='ocrx_word' id='word_1_49' title='bbox 504 956 721 1050; x_wconf 85' lang='lat' dir='ltr'><strong>scripturam,</strong></span> <span class='ocrx_word' id='word_1_50' title='bbox 743 967 855 1026; x_wconf 91' lang='lat' dir='ltr'><strong>motus</strong></span> <span class='ocrx_word' id='word_1_51' title='bbox 877 965 1033 1024; x_wconf 86' lang='lat' dir='ltr'><strong>contorta</strong></span> <span class='ocrx_word' id='word_1_52' title='bbox 1054 955 1164 1042; x_wconf 87' lang='lat' dir='ltr'><strong>hujus</strong></span> <span class='ocrx_word' id='word_1_53' title='bbox 1183 959 1242 1028; x_wconf 87' lang='lat' dir='ltr'><strong>luci</strong></span> 
     </span>
     <span class='ocr_line' id='line_1_8' title="bbox 257 1055 1241 1148; baseline -0.004 -20"><span class='ocrx_word' id='word_1_54' title='bbox 257 1055 548 1146; x_wconf 74' lang='lat' dir='ltr'><strong>interpretatione,</strong></span> <span class='ocrx_word' id='word_1_55' title='bbox 571 1059 666 1137; x_wconf 77' lang='lat' dir='ltr'><strong>cujum</strong></span> <span class='ocrx_word' id='word_1_56' title='bbox 687 1077 724 1124; x_wconf 90' lang='lat' dir='ltr'><strong>se</strong></span> <span class='ocrx_word' id='word_1_57' title='bbox 745 1055 816 1144; x_wconf 88' lang='lat' dir='ltr'><strong>ipse</strong></span> <span class='ocrx_word' id='word_1_58' title='bbox 837 1065 1009 1124; x_wconf 81' lang='lat' dir='ltr'><strong>auctorem</strong></span> <span class='ocrx_word' id='word_1_59' title='bbox 1033 1075 1116 1126; x_wconf 91' lang='lat' dir='ltr'><strong>esse</strong></span> <span class='ocrx_word' id='word_1_60' title='bbox 1131 1056 1241 1148; x_wconf 81' lang='lat' dir='ltr'><strong>pradi-</strong></span> 
     </span>
     <span class='ocr_line' id='line_1_9' title="bbox 258 1151 1239 1244; baseline 0.001 -18"><span class='ocrx_word' id='word_1_61' title='bbox 258 1156 355 1226; x_wconf 82' lang='lat' dir='ltr'><strong>cavit.</strong></span> <span class='ocrx_word' id='word_1_62' title='bbox 398 1153 563 1222; x_wconf 79' lang='lat' dir='ltr'><strong>Nimirum</strong></span> <span class='ocrx_word' id='word_1_63' title='bbox 585 1151 756 1244; x_wconf 86' lang='lat' dir='ltr'><strong>vulgarem</strong></span> <span class='ocrx_word' id='word_1_64' title='bbox 781 1151 962 1222; x_wconf 85' lang='lat' dir='ltr'><strong>lectionem</strong></span> <span class='ocrx_word' id='word_1_65' title='bbox 990 1167 1159 1244; x_wconf 88' lang='lat' dir='ltr'><strong>secutus,</strong></span> <span class='ocrx_word' id='word_1_66' title='bbox 1187 1159 1239 1232; x_wconf 75' lang='grc' dir='ltr'><strong>τοῖς</strong></span> 
     </span>
     <span class='ocr_line' id='line_1_10' title="bbox 257 1251 1238 1354; baseline -0.002 -30"><span class='ocrx_word' id='word_1_67' title='bbox 257 1256 378 1354; x_wconf 66' lang='lat' dir='ltr'><strong>ilaigort</strong></span> <span class='ocrx_word' id='word_1_68' title='bbox 394 1255 485 1333; x_wconf 72' lang='lat' dir='ltr'><strong>eu&#39;ldr</strong></span> <span class='ocrx_word' id='word_1_69' title='bbox 506 1275 574 1321; x_wconf 86' lang='lat' dir='ltr'><strong>non</strong></span> <span class='ocrx_word' id='word_1_70' title='bbox 596 1273 615 1320; x_wconf 76' lang='lat' dir='ltr'><strong>a</strong></span> <span class='ocrx_word' id='word_1_71' title='bbox 635 1255 814 1351; x_wconf 57' lang='lat' dir='ltr'><strong>verecundor</strong></span> <span class='ocrx_word' id='word_1_72' title='bbox 834 1252 998 1342; x_wconf 79' lang='lat' dir='ltr'><strong>pendere,</strong></span> <span class='ocrx_word' id='word_1_73' title='bbox 1019 1251 1085 1322; x_wconf 79' lang='lat' dir='ltr'><strong>sed</strong></span> <span class='ocrx_word' id='word_1_74' title='bbox 1106 1253 1238 1344; x_wconf 75' lang='lat' dir='ltr'><strong>partici-</strong></span> 
     </span>
     <span class='ocr_line' id='line_1_11' title="bbox 256 1350 1237 1451; baseline -0.002 -29"><span class='ocrx_word' id='word_1_75' title='bbox 256 1353 350 1444; x_wconf 87' lang='lat' dir='ltr'><strong>pium</strong></span> <span class='ocrx_word' id='word_1_76' title='bbox 371 1351 412 1422; x_wconf 87' lang='lat' dir='ltr'><strong>ad</strong></span> <span class='ocrx_word' id='word_1_77' title='bbox 434 1351 526 1451; x_wconf 68' lang='lat' dir='ltr'><strong>linig.</strong></span> <span class='ocrx_word' id='word_1_78' title='bbox 549 1351 715 1440; x_wconf 88' lang='lat' dir='ltr'><strong>pertinere</strong></span> <span class='ocrx_word' id='word_1_79' title='bbox 740 1363 850 1438; x_wconf 89' lang='lat' dir='ltr'><strong>ratus,</strong></span> <span class='ocrx_word' id='word_1_80' title='bbox 872 1350 955 1420; x_wconf 84' lang='lat' dir='ltr'><strong>duas</strong></span> <span class='ocrx_word' id='word_1_81' title='bbox 977 1371 1169 1440; x_wconf 86' lang='lat' dir='ltr'><strong>puerorum</strong></span> <span class='ocrx_word' id='word_1_82' title='bbox 1188 1373 1237 1422; x_wconf 89' lang='lat' dir='ltr'><strong>ca-</strong></span> 
     </span>
     <span class='ocr_line' id='line_1_12' title="bbox 257 1449 1238 1542; baseline -0.001 -21"><span class='ocrx_word' id='word_1_83' title='bbox 257 1465 368 1526; x_wconf 88' lang='lat' dir='ltr'><strong>tervas</strong></span> <span class='ocrx_word' id='word_1_84' title='bbox 392 1449 581 1542; x_wconf 85' lang='lat' dir='ltr'><strong>distinguit,</strong></span> <span class='ocrx_word' id='word_1_85' title='bbox 609 1473 752 1540; x_wconf 90' lang='lat' dir='ltr'><strong>quarum</strong></span> <span class='ocrx_word' id='word_1_86' title='bbox 775 1451 998 1528; x_wconf 64' lang='lat' dir='ltr'><strong>uualmrdle</strong></span> <span class='ocrx_word' id='word_1_87' title='bbox 1018 1456 1044 1520; x_wconf 83' lang='lat' dir='ltr'><strong>ir</strong></span> <span class='ocrx_word' id='word_1_88' title='bbox 1067 1451 1129 1536; x_wconf 60' lang='grc' dir='ltr'><strong>ἐγ.</strong></span> <span class='ocrx_word' id='word_1_89' title='bbox 1148 1452 1238 1524; x_wconf 73' lang='lat' dir='ltr'><strong>eadi-</strong></span> 
     </span>
     <span class='ocr_line' id='line_1_13' title="bbox 256 1546 1237 1650; baseline 0.002 -32"><span class='ocrx_word' id='word_1_90' title='bbox 256 1553 345 1640; x_wconf 69' lang='lat' dir='ltr'><strong>pers)</strong></span> <span class='ocrx_word' id='word_1_91' title='bbox 367 1547 515 1619; x_wconf 90' lang='lat' dir='ltr'><strong>insolens</strong></span> <span class='ocrx_word' id='word_1_92' title='bbox 538 1546 685 1636; x_wconf 85' lang='lat' dir='ltr'><strong>aequales</strong></span> <span class='ocrx_word' id='word_1_93' title='bbox 707 1549 809 1636; x_wconf 87' lang='lat' dir='ltr'><strong>lesu,</strong></span> <span class='ocrx_word' id='word_1_94' title='bbox 831 1549 937 1620; x_wconf 88' lang='lat' dir='ltr'><strong>altera</strong></span> <span class='ocrx_word' id='word_1_95' title='bbox 960 1550 1090 1650; x_wconf 72' lang='lat' dir='ltr'><strong>(ileipor</strong></span> <span class='ocrx_word' id='word_1_96' title='bbox 1107 1579 1237 1650; x_wconf 61' lang='lat' dir='ltr'><strong>regesne</strong></span> 
     </span>
     <span class='ocr_line' id='line_1_14' title="bbox 256 1644 1238 1742; baseline -0.004 -22"><span class='ocrx_word' id='word_1_97' title='bbox 256 1653 355 1726; x_wconf 63' lang='lat' dir='ltr'><strong>rivin)</strong></span> <span class='ocrx_word' id='word_1_98' title='bbox 367 1647 521 1742; x_wconf 88' lang='lat' dir='ltr'><strong>priorem</strong></span> <span class='ocrx_word' id='word_1_99' title='bbox 533 1644 868 1734; x_wconf 80' lang='lat' dir='ltr'><strong>exprobranslesum</strong></span> <span class='ocrx_word' id='word_1_100' title='bbox 881 1647 943 1718; x_wconf 88' lang='lat' dir='ltr'><strong>etJ</strong></span> <span class='ocrx_word' id='word_1_101' title='bbox 945 1646 1117 1716; x_wconf 89' lang='lat' dir='ltr'><strong>ohannem</strong></span> <span class='ocrx_word' id='word_1_102' title='bbox 1127 1670 1238 1734; x_wconf 77' lang='lat' dir='ltr'><strong>repre-</strong></span> 
     </span>
     <span class='ocr_line' id='line_1_15' title="bbox 257 1739 1236 1834; baseline -0.004 -19"><span class='ocrx_word' id='word_1_103' title='bbox 257 1757 375 1816; x_wconf 75' lang='lat' dir='ltr'><strong>sentet.</strong></span> <span class='ocrx_word' id='word_1_104' title='bbox 413 1742 478 1812; x_wconf 84' lang='lat' dir='ltr'><strong>Sed</strong></span> <span class='ocrx_word' id='word_1_105' title='bbox 500 1739 650 1834; x_wconf 89' lang='lat' dir='ltr'><strong>pluribus</strong></span> <span class='ocrx_word' id='word_1_106' title='bbox 673 1743 784 1814; x_wconf 87' lang='lat' dir='ltr'><strong>causis</strong></span> <span class='ocrx_word' id='word_1_107' title='bbox 806 1744 972 1814; x_wconf 86' lang='lat' dir='ltr'><strong>adductus</strong></span> <span class='ocrx_word' id='word_1_108' title='bbox 993 1765 1098 1814; x_wconf 87' lang='lat' dir='ltr'><strong>secus</strong></span> <span class='ocrx_word' id='word_1_109' title='bbox 1121 1745 1236 1814; x_wconf 90' lang='lat' dir='ltr'><strong>sentio.</strong></span> 
     </span>
     <span class='ocr_line' id='line_1_16' title="bbox 256 1839 1237 1931; baseline -0.002 -17"><span class='ocrx_word' id='word_1_110' title='bbox 256 1845 405 1914; x_wconf 88' lang='lat' dir='ltr'><strong>Primum</strong></span> <span class='ocrx_word' id='word_1_111' title='bbox 420 1863 437 1910; x_wconf 93' lang='lat' dir='ltr'><strong>e</strong></span> <span class='ocrx_word' id='word_1_112' title='bbox 450 1841 626 1912; x_wconf 82' lang='lat' dir='ltr'><strong>Fritzschii</strong></span> <span class='ocrx_word' id='word_1_113' title='bbox 639 1855 750 1912; x_wconf 88' lang='lat' dir='ltr'><strong>mente</strong></span> <span class='ocrx_word' id='word_1_114' title='bbox 760 1841 860 1912; x_wconf 87' lang='lat' dir='ltr'><strong>lesus</strong></span> <span class='ocrx_word' id='word_1_115' title='bbox 873 1863 910 1912; x_wconf 92' lang='lat' dir='ltr'><strong>se</strong></span> <span class='ocrx_word' id='word_1_116' title='bbox 922 1843 995 1931; x_wconf 92' lang='lat' dir='ltr'><strong>ipse</strong></span> <span class='ocrx_word' id='word_1_117' title='bbox 1005 1839 1237 1912; x_wconf 87' lang='lat' dir='ltr'><strong>etJohannem</strong></span> 
     </span>
     <span class='ocr_line' id='line_1_17' title="bbox 257 1939 1294 2031; baseline -0.006 -17"><span class='ocrx_word' id='word_1_118' title='bbox 257 1943 298 2014; x_wconf 87' lang='lat' dir='ltr'><strong>ad</strong></span> <span class='ocrx_word' id='word_1_119' title='bbox 311 1940 407 2028; x_wconf 64' lang='lat' dir='ltr'><strong>prendi</strong></span> <span class='ocrx_word' id='word_1_120' title='bbox 419 1943 524 2025; x_wconf 67' lang='lat' dir='ltr'><strong>eelim</strong></span> <span class='ocrx_word' id='word_1_121' title='bbox 537 1953 705 2030; x_wconf 85' lang='lat' dir='ltr'><strong>accenset,</strong></span> <span class='ocrx_word' id='word_1_122' title='bbox 717 1940 759 2010; x_wconf 92' lang='lat' dir='ltr'><strong>ad</strong></span> <span class='ocrx_word' id='word_1_123' title='bbox 771 1963 871 2030; x_wconf 87' lang='lat' dir='ltr'><strong>quarn</strong></span> <span class='ocrx_word' id='word_1_124' title='bbox 884 1939 1140 2031; x_wconf 85' lang='lat' dir='ltr'><strong>quidemaDeo</strong></span> <span class='ocrx_word' id='word_1_125' title='bbox 1151 1940 1237 2012; x_wconf 88' lang='lat' dir='ltr'><strong>missi</strong></span> <span class='ocrx_word' id='word_1_126' title='bbox 1293 1945 1294 2020; x_wconf 36' lang='grc' dir='ltr'>ζ</span> 
     </span>
     <span class='ocr_line' id='line_1_18' title="bbox 257 2035 1294 2130; baseline -0.003 -20"><span class='ocrx_word' id='word_1_127' title='bbox 257 2055 373 2130; x_wconf 86' lang='lat' dir='ltr'><strong>erant,</strong></span> <span class='ocrx_word' id='word_1_128' title='bbox 394 2039 453 2110; x_wconf 89' lang='lat' dir='ltr'><strong>sed</strong></span> <span class='ocrx_word' id='word_1_129' title='bbox 468 2061 507 2110; x_wconf 92' lang='lat' dir='ltr'><strong>co</strong></span> <span class='ocrx_word' id='word_1_130' title='bbox 525 2039 636 2108; x_wconf 90' lang='lat' dir='ltr'><strong>minus</strong></span> <span class='ocrx_word' id='word_1_131' title='bbox 652 2039 881 2128; x_wconf 86' lang='lat' dir='ltr'><strong>pertinebant,</strong></span> <span class='ocrx_word' id='word_1_132' title='bbox 897 2037 988 2130; x_wconf 92' lang='lat' dir='ltr'><strong>quod</strong></span> <span class='ocrx_word' id='word_1_133' title='bbox 1002 2035 1060 2107; x_wconf 87' lang='lat' dir='ltr'><strong>illa</strong></span> <span class='ocrx_word' id='word_1_134' title='bbox 1075 2040 1156 2130; x_wconf 86' lang='lat' dir='ltr'><strong>ipsa</strong></span> <span class='ocrx_word' id='word_1_135' title='bbox 1170 2061 1235 2108; x_wconf 88' lang='lat' dir='ltr'><strong>ora·</strong></span> <span class='ocrx_word' id='word_1_136' title='bbox 1293 2035 1294 2086; x_wconf 76' lang='lat' dir='ltr'><strong>l</strong></span> 
     </span>
     <span class='ocr_line' id='line_1_19' title="bbox 256 2135 1234 2228; baseline -0.005 -19"><span class='ocrx_word' id='word_1_137' title='bbox 256 2141 346 2210; x_wconf 86' lang='lat' dir='ltr'><strong>tione</strong></span> <span class='ocrx_word' id='word_1_138' title='bbox 367 2139 521 2210; x_wconf 86' lang='lat' dir='ltr'><strong>homines</strong></span> <span class='ocrx_word' id='word_1_139' title='bbox 544 2137 615 2219; x_wconf 76' lang='lat' dir='ltr'><strong>eius</strong></span> <span class='ocrx_word' id='word_1_140' title='bbox 629 2135 735 2207; x_wconf 91' lang='lat' dir='ltr'><strong>seculi</strong></span> <span class='ocrx_word' id='word_1_141' title='bbox 749 2139 1073 2228; x_wconf 84' lang='lat' dir='ltr'><strong>perstringebantur.</strong></span> <span class='ocrx_word' id='word_1_142' title='bbox 1109 2135 1234 2208; x_wconf 86' lang='lat' dir='ltr'><strong>Deinde</strong></span> 
     </span>
    </p>
   </div>
   <div class='ocr_carea' id='block_1_3' title="bbox 143 2233 1236 2328">
    <p class='ocr_par' dir='ltr' id='par_1_3' title="bbox 143 2233 1236 2328">
     <span class='ocr_line' id='line_1_20' title="bbox 143 2233 1236 2328; baseline -0.005 -19"><span class='ocrx_word' id='word_1_143' title='bbox 143 2287 144 2292; x_wconf 65' lang='lat'><strong>,</strong></span> <span class='ocrx_word' id='word_1_144' title='bbox 256 2237 322 2308; x_wconf 93' lang='lat' dir='ltr'><strong>duo</strong></span> <span class='ocrx_word' id='word_1_145' title='bbox 344 2236 519 2328; x_wconf 87' lang='lat' dir='ltr'><strong>participia</strong></span> <span class='ocrx_word' id='word_1_146' title='bbox 540 2235 662 2308; x_wconf 86' lang='lat' dir='ltr'><strong>rocula</strong></span> <span class='ocrx_word' id='word_1_147' title='bbox 685 2237 736 2306; x_wconf 73' lang='lat' dir='ltr'><strong>eal</strong></span> <span class='ocrx_word' id='word_1_148' title='bbox 756 2233 911 2322; x_wconf 85' lang='lat' dir='ltr'><strong>copulata</strong></span> <span class='ocrx_word' id='word_1_149' title='bbox 933 2257 1010 2304; x_wconf 88' lang='lat' dir='ltr'><strong>curn</strong></span> <span class='ocrx_word' id='word_1_150' title='bbox 1031 2233 1161 2306; x_wconf 90' lang='lat' dir='ltr'><strong>eodem</strong></span> <span class='ocrx_word' id='word_1_151' title='bbox 1180 2257 1236 2304; x_wconf 90' lang='lat' dir='ltr'><strong>no·</strong></span> 
     </span>
    </p>
   </div>
   <div class='ocr_carea' id='block_1_4' title="bbox 254 2331 1293 3114">
    <p class='ocr_par' dir='ltr' id='par_1_4' title="bbox 254 2331 1293 3114">
     <span class='ocr_line' id='line_1_21' title="bbox 255 2331 1237 2422; baseline -0.005 -16"><span class='ocrx_word' id='word_1_152' title='bbox 255 2337 344 2406; x_wconf 91' lang='lat' dir='ltr'><strong>mine</strong></span> <span class='ocrx_word' id='word_1_153' title='bbox 365 2337 478 2406; x_wconf 69' lang='lat' dir='ltr'><strong>nudie</strong></span> <span class='ocrx_word' id='word_1_154' title='bbox 498 2331 641 2404; x_wconf 87' lang='lat' dir='ltr'><strong>naturali</strong></span> <span class='ocrx_word' id='word_1_155' title='bbox 662 2355 754 2402; x_wconf 84' lang='lat' dir='ltr'><strong>rrexu</strong></span> <span class='ocrx_word' id='word_1_156' title='bbox 769 2331 867 2422; x_wconf 84' lang='lat' dir='ltr'><strong>jungi</strong></span> <span class='ocrx_word' id='word_1_157' title='bbox 889 2345 1032 2422; x_wconf 80' lang='lat' dir='ltr'><strong>oportet</strong></span> <span class='ocrx_word' id='word_1_158' title='bbox 1077 2333 1172 2402; x_wconf 88' lang='lat' dir='ltr'><strong>Tum</strong></span> <span class='ocrx_word' id='word_1_159' title='bbox 1191 2331 1237 2402; x_wconf 89' lang='lat' dir='ltr'><strong>lo·</strong></span> 
     </span>
     <span class='ocr_line' id='line_1_22' title="bbox 257 2429 1233 2524; baseline -0.002 -22"><span class='ocrx_word' id='word_1_160' title='bbox 257 2453 316 2502; x_wconf 89' lang='lat' dir='ltr'><strong>cus</strong></span> <span class='ocrx_word' id='word_1_161' title='bbox 336 2434 489 2524; x_wconf 83' lang='lat' dir='ltr'><strong>geminus</strong></span> <span class='ocrx_word' id='word_1_162' title='bbox 512 2433 610 2503; x_wconf 87' lang='lat' dir='ltr'><strong>Lucae</strong></span> <span class='ocrx_word' id='word_1_163' title='bbox 633 2432 751 2517; x_wconf 87' lang='lat' dir='ltr'><strong>docet,</strong></span> <span class='ocrx_word' id='word_1_164' title='bbox 773 2453 875 2522; x_wconf 89' lang='lat' dir='ltr'><strong>quam</strong></span> <span class='ocrx_word' id='word_1_165' title='bbox 897 2441 972 2520; x_wconf 86' lang='lat' dir='ltr'><strong>apte</strong></span> <span class='ocrx_word' id='word_1_166' title='bbox 987 2431 1073 2502; x_wconf 88' lang='lat' dir='ltr'><strong>Jesu</strong></span> <span class='ocrx_word' id='word_1_167' title='bbox 1095 2429 1233 2524; x_wconf 84' lang='lat' dir='ltr'><strong>aequales</strong></span> 
     </span>
     <span class='ocr_line' id='line_1_23' title="bbox 256 2529 1237 2622; baseline -0.005 -20"><span class='ocrx_word' id='word_1_168' title='bbox 256 2553 334 2602; x_wconf 90' lang='lat' dir='ltr'><strong>cum</strong></span> <span class='ocrx_word' id='word_1_169' title='bbox 355 2531 428 2604; x_wconf 90' lang='lat' dir='ltr'><strong>istis</strong></span> <span class='ocrx_word' id='word_1_170' title='bbox 452 2531 561 2622; x_wconf 87' lang='lat' dir='ltr'><strong>pueris</strong></span> <span class='ocrx_word' id='word_1_171' title='bbox 582 2529 834 2620; x_wconf 86' lang='lat' dir='ltr'><strong>increpantibus</strong></span> <span class='ocrx_word' id='word_1_172' title='bbox 856 2529 1091 2598; x_wconf 85' lang='lat' dir='ltr'><strong>conferantur:</strong></span> <span class='ocrx_word' id='word_1_173' title='bbox 1111 2531 1146 2602; x_wconf 92' lang='lat' dir='ltr'><strong>si</strong></span> <span class='ocrx_word' id='word_1_174' title='bbox 1164 2529 1237 2600; x_wconf 89' lang='lat' dir='ltr'><strong>istic</strong></span> 
     </span>
     <span class='ocr_line' id='line_1_24' title="bbox 254 2625 1237 2718; baseline 0.001 -20"><span class='ocrx_word' id='word_1_175' title='bbox 254 2627 347 2706; x_wconf 84' lang='lat' dir='ltr'><strong>nulla</strong></span> <span class='ocrx_word' id='word_1_176' title='bbox 368 2627 433 2698; x_wconf 87' lang='lat' dir='ltr'><strong>alia</strong></span> <span class='ocrx_word' id='word_1_177' title='bbox 454 2630 509 2698; x_wconf 88' lang='lat' dir='ltr'><strong>via</strong></span> <span class='ocrx_word' id='word_1_178' title='bbox 529 2627 769 2718; x_wconf 87' lang='lat' dir='ltr'><strong>interpretandi</strong></span> <span class='ocrx_word' id='word_1_179' title='bbox 791 2626 908 2715; x_wconf 87' lang='lat' dir='ltr'><strong>datur,</strong></span> <span class='ocrx_word' id='word_1_180' title='bbox 937 2648 1007 2696; x_wconf 91' lang='lat' dir='ltr'><strong>non</strong></span> <span class='ocrx_word' id='word_1_181' title='bbox 1026 2625 1155 2718; x_wconf 89' lang='lat' dir='ltr'><strong>video,</strong></span> <span class='ocrx_word' id='word_1_182' title='bbox 1181 2649 1237 2698; x_wconf 83' lang='lat' dir='ltr'><strong>cur</strong></span> 
     </span>
     <span class='ocr_line' id='line_1_25' title="bbox 254 2722 1236 2818; baseline -0.005 -21"><span class='ocrx_word' id='word_1_183' title='bbox 254 2727 309 2798; x_wconf 90' lang='lat' dir='ltr'><strong>hic</strong></span> <span class='ocrx_word' id='word_1_184' title='bbox 336 2727 452 2798; x_wconf 89' lang='lat' dir='ltr'><strong>eadem</strong></span> <span class='ocrx_word' id='word_1_185' title='bbox 473 2727 695 2818; x_wconf 89' lang='lat' dir='ltr'><strong>inopportuna</strong></span> <span class='ocrx_word' id='word_1_186' title='bbox 717 2723 770 2794; x_wconf 90' lang='lat' dir='ltr'><strong>vel</strong></span> <span class='ocrx_word' id='word_1_187' title='bbox 793 2724 939 2796; x_wconf 88' lang='lat' dir='ltr'><strong>absurda</strong></span> <span class='ocrx_word' id='word_1_188' title='bbox 954 2722 1121 2794; x_wconf 88' lang='lat' dir='ltr'><strong>videatur.</strong></span> <span class='ocrx_word' id='word_1_189' title='bbox 1159 2723 1236 2794; x_wconf 87' lang='lat' dir='ltr'><strong>Non</strong></span> 
     </span>
     <span class='ocr_line' id='line_1_26' title="bbox 255 2820 1237 2916; baseline -0.002 -22"><span class='ocrx_word' id='word_1_190' title='bbox 255 2826 343 2894; x_wconf 88' lang='lat' dir='ltr'><strong>enirn</strong></span> <span class='ocrx_word' id='word_1_191' title='bbox 368 2847 429 2916; x_wconf 87' lang='lat' dir='ltr'><strong>par</strong></span> <span class='ocrx_word' id='word_1_192' title='bbox 448 2836 500 2896; x_wconf 89' lang='lat' dir='ltr'><strong>est</strong></span> <span class='ocrx_word' id='word_1_193' title='bbox 520 2843 642 2916; x_wconf 86' lang='lat' dir='ltr'><strong>urgere</strong></span> <span class='ocrx_word' id='word_1_194' title='bbox 662 2821 930 2911; x_wconf 88' lang='lat' dir='ltr'><strong>similitudinem,</strong></span> <span class='ocrx_word' id='word_1_195' title='bbox 957 2820 1017 2892; x_wconf 87' lang='lat' dir='ltr'><strong>sed</strong></span> <span class='ocrx_word' id='word_1_196' title='bbox 1040 2842 1082 2892; x_wconf 92' lang='lat' dir='ltr'><strong>eo</strong></span> <span class='ocrx_word' id='word_1_197' title='bbox 1104 2834 1237 2912; x_wconf 86' lang='lat' dir='ltr'><strong>spectat</strong></span> 
     </span>
     <span class='ocr_line' id='line_1_27' title="bbox 255 2919 1235 3012; baseline -0.002 -20"><span class='ocrx_word' id='word_1_198' title='bbox 255 2923 482 3011; x_wconf 88' lang='lat' dir='ltr'><strong>comparatio,</strong></span> <span class='ocrx_word' id='word_1_199' title='bbox 508 2921 592 2992; x_wconf 83' lang='lat' dir='ltr'><strong>lesu</strong></span> <span class='ocrx_word' id='word_1_200' title='bbox 619 2919 766 3012; x_wconf 80' lang='lat' dir='ltr'><strong>aquales</strong></span> <span class='ocrx_word' id='word_1_201' title='bbox 795 2940 870 2992; x_wconf 89' lang='lat' dir='ltr'><strong>esse</strong></span> <span class='ocrx_word' id='word_1_202' title='bbox 897 2919 1053 2991; x_wconf 87' lang='lat' dir='ltr'><strong>homines</strong></span> <span class='ocrx_word' id='word_1_203' title='bbox 1077 2940 1235 2992; x_wconf 85' lang='lat' dir='ltr'><strong>morosos</strong></span> 
     </span>
     <span class='ocr_line' id='line_1_28' title="bbox 255 3016 1293 3114; baseline -0.002 -24"><span class='ocrx_word' id='word_1_204' title='bbox 255 3034 290 3090; x_wconf 87' lang='lat' dir='ltr'><strong>et</strong></span> <span class='ocrx_word' id='word_1_205' title='bbox 311 3019 457 3110; x_wconf 88' lang='lat' dir='ltr'><strong>putidos,</strong></span> <span class='ocrx_word' id='word_1_206' title='bbox 479 3019 602 3108; x_wconf 92' lang='lat' dir='ltr'><strong>quibus</strong></span> <span class='ocrx_word' id='word_1_207' title='bbox 623 3017 718 3088; x_wconf 92' lang='lat' dir='ltr'><strong>nullo</strong></span> <span class='ocrx_word' id='word_1_208' title='bbox 737 3018 838 3088; x_wconf 92' lang='lat' dir='ltr'><strong>modo</strong></span> <span class='ocrx_word' id='word_1_209' title='bbox 853 3018 1013 3088; x_wconf 85' lang='lat' dir='ltr'><strong>satisfieri</strong></span> <span class='ocrx_word' id='word_1_210' title='bbox 1025 3016 1159 3109; x_wconf 83' lang='lat' dir='ltr'><strong>possit,</strong></span> <span class='ocrx_word' id='word_1_211' title='bbox 1177 3017 1236 3088; x_wconf 88' lang='lat' dir='ltr'><strong>ita·</strong></span> <span class='ocrx_word' id='word_1_212' title='bbox 1292 3057 1293 3114; x_wconf 68' lang='lat'>1</span> 
     </span>
    </p>
   </div>
   <div class='ocr_carea' id='block_1_5' title="bbox 210 3115 1293 3794">
    <p class='ocr_par' dir='ltr' id='par_1_5' title="bbox 210 3115 1293 3794">
     <span class='ocr_line' id='line_1_29' title="bbox 255 3115 1293 3211; baseline -0.001 -24"><span class='ocrx_word' id='word_1_213' title='bbox 255 3140 321 3211; x_wconf 91' lang='lat' dir='ltr'><strong>que</strong></span> <span class='ocrx_word' id='word_1_214' title='bbox 349 3115 541 3187; x_wconf 87' lang='lat' dir='ltr'><strong>consimiles</strong></span> <span class='ocrx_word' id='word_1_215' title='bbox 571 3137 648 3188; x_wconf 89' lang='lat' dir='ltr'><strong>esse</strong></span> <span class='ocrx_word' id='word_1_216' title='bbox 673 3118 807 3208; x_wconf 90' lang='lat' dir='ltr'><strong>pueris,</strong></span> <span class='ocrx_word' id='word_1_217' title='bbox 836 3117 893 3209; x_wconf 91' lang='lat' dir='ltr'><strong>qui</strong></span> <span class='ocrx_word' id='word_1_218' title='bbox 921 3137 1039 3186; x_wconf 88' lang='lat' dir='ltr'><strong>secum</strong></span> <span class='ocrx_word' id='word_1_219' title='bbox 1059 3115 1233 3188; x_wconf 87' lang='lat' dir='ltr'><strong>discordes</strong></span> <span class='ocrx_word' id='word_1_220' title='bbox 1292 3115 1293 3120; x_wconf 70' lang='grc'>’</span> 
     </span>
     <span class='ocr_line' id='line_1_30' title="bbox 210 3213 1234 3308; baseline -0.004 -22"><span class='ocrx_word' id='word_1_221' title='bbox 210 3256 214 3262; x_wconf 96' lang='grc'>-</span> <span class='ocrx_word' id='word_1_222' title='bbox 253 3237 424 3308; x_wconf 87' lang='lat' dir='ltr'><strong>nunquam</strong></span> <span class='ocrx_word' id='word_1_223' title='bbox 452 3214 603 3285; x_wconf 88' lang='lat' dir='ltr'><strong>contenti</strong></span> <span class='ocrx_word' id='word_1_224' title='bbox 623 3215 703 3290; x_wconf 85' lang='lat' dir='ltr'><strong>sint.</strong></span> <span class='ocrx_word' id='word_1_225' title='bbox 745 3214 813 3308; x_wconf 80' lang='lat' dir='ltr'><strong>Qui</strong></span> <span class='ocrx_word' id='word_1_226' title='bbox 837 3215 1013 3304; x_wconf 88' lang='lat' dir='ltr'><strong>increpant</strong></span> <span class='ocrx_word' id='word_1_227' title='bbox 1035 3213 1165 3306; x_wconf 91' lang='lat' dir='ltr'><strong>quique</strong></span> <span class='ocrx_word' id='word_1_228' title='bbox 1186 3213 1234 3283; x_wconf 92' lang='lat' dir='ltr'><strong>in·</strong></span> 
     </span>
     <span class='ocr_line' id='line_1_31' title="bbox 254 3309 1233 3404; baseline -0.003 -21"><span class='ocrx_word' id='word_1_229' title='bbox 254 3327 443 3404; x_wconf 84' lang='lat' dir='ltr'><strong>erepantur,</strong></span> <span class='ocrx_word' id='word_1_230' title='bbox 465 3337 534 3384; x_wconf 93' lang='lat' dir='ltr'><strong>una</strong></span> <span class='ocrx_word' id='word_1_231' title='bbox 554 3326 606 3384; x_wconf 89' lang='lat' dir='ltr'><strong>est</strong></span> <span class='ocrx_word' id='word_1_232' title='bbox 627 3309 809 3402; x_wconf 88' lang='lat' dir='ltr'><strong>sodalitas,</strong></span> <span class='ocrx_word' id='word_1_233' title='bbox 830 3332 942 3402; x_wconf 91' lang='lat' dir='ltr'><strong>neque</strong></span> <span class='ocrx_word' id='word_1_234' title='bbox 958 3310 1146 3402; x_wconf 84' lang='lat' dir='ltr'><strong>quidquam</strong></span> <span class='ocrx_word' id='word_1_235' title='bbox 1162 3310 1233 3380; x_wconf 89' lang='lat' dir='ltr'><strong>atti·</strong></span> 
     </span>
     <span class='ocr_line' id='line_1_32' title="bbox 253 3407 1233 3501; baseline -0.006 -19"><span class='ocrx_word' id='word_1_236' title='bbox 253 3427 329 3501; x_wconf 85' lang='lat' dir='ltr'><strong>net,</strong></span> <span class='ocrx_word' id='word_1_237' title='bbox 351 3412 434 3483; x_wconf 91' lang='lat' dir='ltr'><strong>alios</strong></span> <span class='ocrx_word' id='word_1_238' title='bbox 455 3414 495 3483; x_wconf 92' lang='lat' dir='ltr'><strong>ab</strong></span> <span class='ocrx_word' id='word_1_239' title='bbox 511 3411 582 3483; x_wconf 86' lang='lat' dir='ltr'><strong>aliis</strong></span> <span class='ocrx_word' id='word_1_240' title='bbox 597 3411 780 3501; x_wconf 86' lang='lat' dir='ltr'><strong>increpari,</strong></span> <span class='ocrx_word' id='word_1_241' title='bbox 803 3409 863 3480; x_wconf 92' lang='lat' dir='ltr'><strong>sed</strong></span> <span class='ocrx_word' id='word_1_242' title='bbox 878 3408 945 3478; x_wconf 93' lang='lat' dir='ltr'><strong>huc</strong></span> <span class='ocrx_word' id='word_1_243' title='bbox 959 3407 1155 3498; x_wconf 88' lang='lat' dir='ltr'><strong>respicitur,</strong></span> <span class='ocrx_word' id='word_1_244' title='bbox 1176 3427 1233 3476; x_wconf 90' lang='lat' dir='ltr'><strong>ne·</strong></span> 
     </span>
     <span class='ocr_line' id='line_1_33' title="bbox 251 3503 1232 3599; baseline -0.009 -18"><span class='ocrx_word' id='word_1_245' title='bbox 251 3511 377 3581; x_wconf 91' lang='lat' dir='ltr'><strong>minem</strong></span> <span class='ocrx_word' id='word_1_246' title='bbox 398 3531 474 3578; x_wconf 91' lang='lat' dir='ltr'><strong>cum</strong></span> <span class='ocrx_word' id='word_1_247' title='bbox 491 3511 555 3580; x_wconf 93' lang='lat' dir='ltr'><strong>alio</strong></span> <span class='ocrx_word' id='word_1_248' title='bbox 571 3509 775 3599; x_wconf 82' lang='lat' dir='ltr'><strong>conspirare.</strong></span> <span class='ocrx_word' id='word_1_249' title='bbox 809 3509 851 3578; x_wconf 94' lang='lat' dir='ltr'><strong>ln</strong></span> <span class='ocrx_word' id='word_1_250' title='bbox 866 3505 1034 3596; x_wconf 85' lang='lat' dir='ltr'><strong>parabolis</strong></span> <span class='ocrx_word' id='word_1_251' title='bbox 1049 3503 1232 3576; x_wconf 86' lang='lat' dir='ltr'><strong>similitudo</strong></span> 
     </span>
     <span class='ocr_line' id='line_1_34' title="bbox 252 3603 1231 3696; baseline -0.011 -15"><span class='ocrx_word' id='word_1_252' title='bbox 252 3634 321 3682; x_wconf 90' lang='lat' dir='ltr'><strong>non</strong></span> <span class='ocrx_word' id='word_1_253' title='bbox 353 3621 484 3678; x_wconf 88' lang='lat' dir='ltr'><strong>tantum</strong></span> <span class='ocrx_word' id='word_1_254' title='bbox 510 3609 545 3677; x_wconf 91' lang='lat' dir='ltr'><strong>in</strong></span> <span class='ocrx_word' id='word_1_255' title='bbox 573 3607 704 3695; x_wconf 89' lang='lat' dir='ltr'><strong>dativo,</strong></span> <span class='ocrx_word' id='word_1_256' title='bbox 737 3605 791 3675; x_wconf 89' lang='lat' dir='ltr'><strong>cui</strong></span> <span class='ocrx_word' id='word_1_257' title='bbox 821 3603 932 3696; x_wconf 91' lang='lat' dir='ltr'><strong>aliqua</strong></span> <span class='ocrx_word' id='word_1_258' title='bbox 959 3623 1015 3673; x_wconf 87' lang='lat' dir='ltr'><strong>res</strong></span> <span class='ocrx_word' id='word_1_259' title='bbox 1043 3623 1231 3694; x_wconf 85' lang='lat' dir='ltr'><strong>personare</strong></span> 
     </span>
     <span class='ocr_line' id='line_1_35' title="bbox 253 3700 1232 3794; baseline -0.009 -16"><span class='ocrx_word' id='word_1_260' title='bbox 253 3707 369 3778; x_wconf 86' lang='lat' dir='ltr'><strong>similis</strong></span> <span class='ocrx_word' id='word_1_261' title='bbox 391 3705 524 3792; x_wconf 90' lang='lat' dir='ltr'><strong>dicitnr,</strong></span> <span class='ocrx_word' id='word_1_262' title='bbox 545 3703 606 3776; x_wconf 91' lang='lat' dir='ltr'><strong>sed</strong></span> <span class='ocrx_word' id='word_1_263' title='bbox 623 3704 724 3776; x_wconf 84' lang='lat' dir='ltr'><strong>latius</strong></span> <span class='ocrx_word' id='word_1_264' title='bbox 739 3703 773 3774; x_wconf 92' lang='lat' dir='ltr'><strong>in</strong></span> <span class='ocrx_word' id='word_1_265' title='bbox 789 3702 880 3774; x_wconf 90' lang='lat' dir='ltr'><strong>omni</strong></span> <span class='ocrx_word' id='word_1_266' title='bbox 894 3700 1133 3772; x_wconf 90' lang='lat' dir='ltr'><strong>enunciatione</strong></span> <span class='ocrx_word' id='word_1_267' title='bbox 1151 3724 1232 3794; x_wconf 67' lang='lat' dir='ltr'><strong>quc</strong></span> 
     </span>
    </p>
   </div>
   <div class='ocr_carea' id='block_1_6' title="bbox 285 3908 1230 4120">
    <p class='ocr_par' dir='ltr' id='par_1_6' title="bbox 285 3908 1230 4120">
     <span class='ocr_line' id='line_1_36' title="bbox 285 3908 1230 3994; baseline -0.01 -15"><span class='ocrx_word' id='word_1_268' title='bbox 285 3921 314 3990; x_wconf 81' lang='lat'><strong>*)</strong></span> <span class='ocrx_word' id='word_1_269' title='bbox 347 3923 516 3994; x_wconf 86' lang='lat' dir='ltr'><strong>Utrumque</strong></span> <span class='ocrx_word' id='word_1_270' title='bbox 542 3918 582 3975; x_wconf 83' lang='lat' dir='ltr'><strong>ite</strong></span> <span class='ocrx_word' id='word_1_271' title='bbox 608 3920 768 3993; x_wconf 84' lang='lat' dir='ltr'><strong>conjunxit</strong></span> <span class='ocrx_word' id='word_1_272' title='bbox 792 3919 841 3976; x_wconf 82' lang='lat' dir='ltr'><strong>ed.</strong></span> <span class='ocrx_word' id='word_1_273' title='bbox 860 3923 895 3988; x_wconf 88' lang='lat'><strong>1,</strong></span> <span class='ocrx_word' id='word_1_274' title='bbox 925 3931 1016 3994; x_wconf 84' lang='lat' dir='ltr'><strong>quem</strong></span> <span class='ocrx_word' id='word_1_275' title='bbox 1040 3917 1180 3992; x_wconf 82' lang='lat' dir='ltr'><strong>inspexi:</strong></span> <span class='ocrx_word' id='word_1_276' title='bbox 1209 3908 1230 3970; x_wconf 76' lang='lat' dir='ltr'><strong>ir</strong></span> 
     </span>
     <span class='ocr_line' id='line_1_37' title="bbox 352 4021 919 4120; baseline 0.004 -35"><span class='ocrx_word' id='word_1_277' title='bbox 352 4021 454 4115; x_wconf 59' lang='grc' dir='ltr'><em>ἀγορᾷ</em></span> <span class='ocrx_word' id='word_1_278' title='bbox 479 4024 599 4106; x_wconf 59' lang='lat' dir='ltr'><strong>eadam·</strong></span> <span class='ocrx_word' id='word_1_279' title='bbox 624 4025 651 4090; x_wconf 75' lang='lat' dir='ltr'><strong>iv</strong></span> <span class='ocrx_word' id='word_1_280' title='bbox 674 4021 805 4120; x_wconf 58' lang='lat' dir='ltr'><strong>dongei}</strong></span> <span class='ocrx_word' id='word_1_281' title='bbox 830 4032 919 4118; x_wconf 52' lang='lat' dir='ltr'><strong>(sie),¹</strong></span> 
     </span>
    </p>
   </div>
   <div class='ocr_carea' id='block_1_7' title="bbox 0 0 1312 4594">
    <p class='ocr_par' dir='ltr' id='par_1_7' title="bbox 0 0 1312 4594">
     <span class='ocr_line' id='line_1_38' title="bbox 0 0 1312 4594; baseline 0 1"><span class='ocrx_word' id='word_1_282' title='bbox 0 0 1312 4594; x_wconf 95' lang='lat' dir='ltr'><strong> </strong></span> 
     </span>
    </p>
   </div>
  </div>
 </body>
</html>
