2616 4598
74 347 251 399 carurrv.
815 395 817 398 ,
1003 321 1066 392 298

73 499 147 548 non
167 474 412 566 illustraretur,
432 477 495 550 sed
516 473 675 548 intricata
693 487 728 546 et
749 474 925 546 obscurior
944 471 1067 544 redde·

72 589 190 656 retur;
220 597 332 666 neque
360 576 438 646 bina
459 575 519 646 illa
539 571 670 646 scholia
692 586 760 642 tam
781 572 882 642 facile
903 572 939 641 in
960 595 1065 660 unum
1179 602 1190 616 ⁶
1237 593 1243 604 ’

74 671 247 744 coaluisse
269 673 423 744 arbitror.
463 675 601 765 Integra
616 671 761 741 lectione
775 672 871 760 origo
891 669 1063 740 varietatis

72 771 198 842 melius
227 793 309 840 sune
338 771 549 863 perspicitur.
591 770 713 861 Neque
737 768 901 855 demiror,
930 766 1085 857 eppleta,

75 892 94 940 e
118 867 161 940 ol.
184 878 234 939 or.
255 867 396 958 lacuna,
415 872 449 939 iu
471 876 493 944 f.
517 868 579 944 alr.
600 880 732 940 tantum
753 865 806 940 καὶ
825 868 963 968 aperiri.
980 869 1064 957 sps,

73 991 146 1036 non
167 988 264 1057 seque
284 972 346 1045 τοῖς
361 968 483 1040 ἀκάκων
504 969 754 1059 redintegrata,
776 971 810 1037 in
830 975 980 1064 Armeno
1004 985 1063 1036 au-

73 1081 146 1136 tem
168 1065 375 1136 haecomnia
396 1081 474 1156 post
492 1067 592 1142 dudd·
610 1070 738 1152 rejecta
760 1088 849 1140 esse.
891 1065 969 1134 Non
991 1087 1064 1134 ma-

72 1169 129 1258 gis
152 1167 236 1234 vero
253 1170 405 1236 'rationes
416 1163 597 1250 ‘exterum
617 1191 730 1259 vquam
751 1188 806 1236 res
828 1167 903 1254 ipsa
923 1178 958 1234 et
979 1165 1064 1234 scri-

77 1265 207 1356 ptionis
231 1277 328 1334 tenor
350 1287 501 1348 comma,
522 1264 566 1334 de
581 1288 648 1357 quo
663 1264 784 1358 agitur,
806 1276 956 1337 tuentur.
992 1264 1068 1334 Hoc

75 1369 169 1434 enim
190 1362 316 1450 demto,
339 1362 449 1432 hiaret
470 1362 588 1444 oratio,
611 1375 644 1432 et
664 1361 821 1433 versiculi
836 1366 876 1430 24
892 1373 926 1430 et
940 1365 980 1458 35
1003 1383 1065 1436 suo

75 1462 215 1532 vinculo
237 1473 402 1534 carerent.
446 1461 614 1530 Nimirum
635 1462 740 1530 rerba
760 1463 892 1542 ssnlm'b,
916 1461 952 1532 ri
968 1460 1067 1534 otu.

75 1575 111 1630 et
125 1561 304 1654 sequentia
323 1555 355 1639 t.
371 1559 434 1661 peip
450 1553 487 1632 iv
504 1553 577 1652 ἷχῃ,
597 1559 750 1633 &uiniae
767 1560 860 1646 evipi,
880 1558 1065 1639 interjectis

73 1657 249 1758 npoelrdir.
261 1663 324 1738 τοῖς
337 1660 457 1731 irisan
474 1659 783 1749 appropinquantur
796 1668 830 1726 et
846 1655 1062 1743 definiuntur,

76 1772 180 1849 atque
202 1757 267 1826 ists
288 1765 313 1827 ir
335 1751 478 1858 pipellpp
504 1756 647 1857 prdpri‘le,
674 1754 880 1856 ptilprbririlct
905 1756 977 1843 ciprii
1003 1774 1068 1843 per

78 1877 119 1926 se
140 1855 251 1926 minus
268 1859 463 1926 necessaria
477 1869 607 1926 tanturn
622 1851 846 1923 similitudinis
861 1852 969 1942 gratia
985 1873 1066 1940 prae·

76 1955 190 2040 posita
205 1969 299 2025 sunt.
334 1955 425 2024 Nam
441 1957 545 2024 verba
565 1961 589 2022 ir
607 1945 631 2040 qi
646 1956 746 2052 pt‘tpp
760 1951 891 2050 ptilpei'lc
907 1963 941 2018 et
956 1941 986 2026 ie
1003 1948 1067 2050 peip

75 2047 113 2124 aiv
130 2048 186 2144 ἔχῃ
202 2077 270 2122 non
292 2054 338 2122 ita
358 2053 421 2122 sibi
444 2050 669 2142 respondent,
690 2063 728 2118 ut
750 2047 988 2144 conjunctione
1003 2049 1067 2150 „lp

71 2153 174 2241 jungi
189 2153 337 2242 possint,
359 2152 456 2241 quasi
477 2148 514 2221 τδ
530 2153 641 2250 ,stipsis
658 2161 749 2218 esset
763 2147 852 2218 idem
869 2147 961 2238 quod
974 2138 1065 2238 ἔχειν.

77 2249 147 2320 Sed
162 2251 263 2320 verba
278 2256 340 2329 τοῖς
353 2249 476 2324 indura
492 2263 525 2320 et
537 2243 568 2330 ic
581 2247 644 2350 peip
658 2241 694 2321 siv
709 2238 764 2340 ἔχῃ
777 2247 839 2317 sibi
850 2245 1068 2334 respondent,

78 2364 114 2420 et
137 2351 277 2430 verbum
298 2351 395 2421 dudan
419 2348 593 2441 restringit
613 2363 649 2418 et
671 2346 787 2416 delinit
806 2343 887 2413 illud
907 2343 1067 2438 generale

77 2449 213 2546 pilpdr,
239 2460 276 2518 ut
297 2447 329 2516 h.
352 2449 374 2517 l.
403 2448 537 2538 proprie
564 2448 610 2518 sit
638 2457 750 2516 mente
778 2443 907 2536 metiri,
936 2442 1068 2516 scilieet

79 2547 203 2618 audire
224 2560 259 2617 et
277 2549 461 2637 percipere.

142 2670 176 2722 v.
192 2653 242 2715 33.
269 2648 383 2728 adisis,
405 2646 496 2737 quod
513 2667 569 2716 an
586 2658 620 2715 et
635 2645 784 2733 pluribus
801 2643 876 2714 cdd.
892 2644 935 2720 It.
952 2644 1068 2734 abest,

79 2745 164 2816 mihi
185 2759 378 2835 suspectum
400 2757 473 2834 est,
493 2768 570 2814 cum
585 2743 676 2835 quod
691 2767 710 2812 e
723 2745 880 2832 proximo
897 2756 1067 2814 commate
1104 2751 1110 2766 “

81 2851 121 2914 sl
142 2841 242 2912 facilc
265 2843 506 2932 invehebatur,
525 2855 595 2912 tum
618 2841 711 2934 quod
732 2839 809 2910 inde
833 2864 937 2912 causa
959 2841 1067 2930 expli-

82 2955 200 3029 catur,
222 2947 428 3032 quapropter
448 2941 481 3008 in
503 2939 662 3010 Peschito
685 2952 719 3010 et
737 2935 865 3032 aliquot
880 2939 972 3010 libris
991 2938 1082 3010 ltali·
1164 2977 1167 2984 ·

79 3039 170 3108 infra
184 3040 312 3128 scripta
326 3040 429 3109 verba
443 3036 495 3110 vob
510 3037 603 3125 riser
616 3060 635 3108 a
650 3051 747 3108 textu
761 3039 1068 3130 proscribebantur.

143 3177 177 3226 v.
192 3157 246 3226 lo.
273 3153 406 3224 Griesb.
421 3152 456 3222 in
470 3154 598 3222 Comm.
615 3174 665 3222 cr.
679 3154 718 3225 P.
729 3153 765 3222 11
780 3177 813 3244 p.
826 3159 867 3228 95
880 3153 915 3222 id
929 3151 1067 3244 quidem

81 3266 178 3322 recte
204 3251 305 3342 uidit,
332 3251 459 3322 similes
489 3251 610 3322 ductus
632 3273 755 3323 vocum
778 3263 939 3324 orroei
960 3266 1071 3324 orno

83 3352 259 3436 effecisse,
286 3363 324 3420 ut
349 3348 392 3426 cl.
415 3373 464 3422 or.
486 3363 521 3420 et
543 3349 617 3424 occ.
646 3348 895 3439 discreparent,
925 3371 1070 3441 quarum

81 3449 177 3533 prior·
198 3443 275 3534 siim
300 3457 362 3527 rrai'r
387 3449 426 3520 ἐκ
450 3439 542 3540 ἕχεἸε,
569 3446 675 3518 altera
695 3445 892 3537 simplicitet·
913 3439 978 3522 dau
994 3441 1071 3543 ipris

82 3547 233 3616 exhibet.
268 3547 399 3616 Griesb.
416 3568 461 3616 ex
476 3537 541 3617 dnn
554 3559 670 3614 natum
684 3567 761 3616 esse
775 3540 837 3620 dle
851 3559 885 3615 et
898 3548 1069 3616 sententie

82 3650 256 3724 causandi
264 3647 303 3717 ds
311 3645 480 3730 adjectum
489 3643 703 3714 existimavit
726 3643 1069 3733 ldemtamcnpsrum

82 3745 150 3814 sibi
172 3758 331 3814 constans
354 3740 414 3820 diu
433 3741 524 3814 nullo
545 3741 643 3834 signo
662 3743 910 3832 reprobationis
925 3741 1068 3830 notavit,
1174 3801 1184 3810 .

84 3859 292 3934 quamquam
308 3835 373 3916 im
385 3865 450 3932 pro
467 3847 527 3920 πὸς
537 3843 582 3924 ,ἐκ
596 3852 710 3931 aperte
724 3841 906 3931 praeferret.
947 3842 1068 3915 Nullus

86 3955 204 4010 autem
225 3942 392 4033 reperitur
412 3942 537 4028 codex,
556 3943 618 4032 ¹qui
638 3941 817 4018 lectionem
832 3936 907 4030 dle,
932 3931 996 4017 dnn
1011 3945 1070 4013 fir.

83 4051 168 4112 ruet.
202 4041 361 4134 Namque
381 4039 636 4124 cdd.1.1³.69.
654 4046 726 4118 131.
740 4048 812 4130 2⁰9,
834 4039 1069 4132 quilectioues
