2608 4582
217 272 242 338 2

219 423 276 494 vel
285 422 424 494 inoertis
437 422 543 508 signis
558 421 688 494 criticis
703 433 794 492 tecte
808 421 1096 494 commendando.
1143 425 1222 519 Qui

218 542 297 594 tuos
317 519 537 591 addubitandi
557 539 636 590 cum
650 517 808 590 meliores
823 541 977 614 quasque
992 521 1163 594 editiones
1181 549 1219 594 n.

219 621 262 692 Τ.
289 617 523 710 occupaverit,
545 637 667 686 vereor
686 631 727 686 ut
760 617 915 688 criticam
939 631 1048 690 artem
1075 642 1221 692 sacram

219 717 447 812 promoverit,
482 729 576 788 certe
606 715 712 788 index
739 715 944 808 imperfectae
972 719 1045 802 ejus
1066 719 1221 790 conditi-

220 818 296 890 onis
318 815 432 888 adbuc
451 835 527 888 esse
547 813 692 888 videtur.

283 915 342 986 Ad
369 913 644 985 constituendum
673 925 708 984 et
735 914 970 1010 castigandum
994 929 1127 988 textum
1158 940 1220 989 sa.

222 1039 319 1088 orum
337 1013 519 1105 plurimum
538 1011 632 1083 valet
643 1025 775 1083 rectum
790 1015 960 1098 judicium
980 1016 1025 1088 de
1043 1017 1220 1094 omibus

222 1115 389 1186 codicem
432 1112 555 1184 Guuoti
579 1112 716 1204 quidem
737 1135 759 1184 a
778 1113 977 1204 primigenio
999 1115 1218 1206 autographo
1253 1173 1256 1191 .

222 1213 439 1300 derivantur,
458 1210 521 1282 sed
542 1223 644 1303 prout
663 1211 849 1303 antiquiora
866 1213 901 1282 in
921 1213 1034 1284 vanas
1052 1213 1217 1310 regiones

222 1311 380 1404 exempla
400 1310 621 1382 disseminata
641 1321 738 1399 sunt,
759 1311 808 1382 ita
827 1312 1095 1404 unumquodque
1116 1311 1218 1388 dein·

222 1433 303 1502 ceps
333 1409 542 1500 descriptum
575 1408 765 1480 uberrimus
794 1430 917 1500 parens
948 1409 1081 1482 familie
1103 1433 1217 1480 mem-

221 1511 405 1582 branarum
418 1508 554 1594 evenit3
575 1507 610 1578 in
631 1505 817 1597 mdemque
835 1505 964 1578 familia
981 1509 1066 1578 varii
1085 1509 1216 1594 gradus

223 1607 436 1704 cognationis
452 1607 702 1678 discernuntur.
737 1606 872 1678 Revera
886 1607 1136 1698 exemplaribus
1151 1631 1215 1679 su-

221 1706 422 1798 perstitibus
433 1706 580 1777 invicem
601 1704 826 1796 comparatis,
860 1704 1044 1776 similitudo
1070 1707 1105 1778 in
1134 1729 1215 1797 per-

221 1805 357 1894 multis,
385 1802 612 1892 discrepantia
630 1802 666 1872 in
689 1800 764 1874 eliis
783 1802 996 1894 perspicitur.
1035 1803 1103 1877 Ubi
1122 1805 1215 1874 inter

220 1905 423 1975 varietatem
441 1904 607 1974 minutam
628 1913 663 1972 et
681 1901 865 1992 majorem,
884 1901 974 1972 inter
989 1902 1155 1986 majorem
1176 1917 1214 1976 et

221 2003 409 2074 maximam
435 2003 542 2094 probe
572 1999 787 2090 distinxeris,
814 1998 972 2070 codicum
995 1999 1138 2072 familias
1160 2003 1214 2072 fa-

221 2101 460 2192 miliarumque
483 2111 605 2195 gentes
627 2097 790 2172 invenies.
832 2099 918 2170 (lum
936 2119 1019 2168 vero
1043 2112 1148 2172 testes
1175 2100 1212 2171 in

221 2221 287 2272 nau
309 2199 428 2269 critico
444 2198 789 2286 examinenturanon
800 2195 945 2285 viritim,
965 2195 1029 2268 sed
1041 2197 1212 2268 centuria-

222 2298 284 2368 tim
304 2319 423 2368 eorum
442 2296 604 2388 suffragia
622 2292 843 2387 ponderanda
862 2308 964 2387 sunt,
985 2319 1029 2367 ne
1048 2297 1211 2370 iuratum

221 2395 409 2485 habeatur,
430 2393 522 2488 quod
544 2391 716 2486 proletarii
737 2405 773 2464 et
792 2394 902 2486 capite
922 2393 1017 2466 censi
1032 2395 1209 2478 jusserint.

221 2495 346 2588 Neque
365 2495 437 2566 duae
459 2494 590 2566 familia
612 2494 710 2566 unius
726 2494 837 2585 gentis
852 2493 1071 2566 concinentes
1086 2492 1209 2566 adver·

221 2615 280 2665 sus
312 2592 453 2664 alteram
472 2605 608 2686 gentem
631 2591 739 2685 magis
762 2589 932 2662 audienda
951 2605 1040 2668 eunt.

283 2692 387 2787 ‚Quod
404 2693 434 2762 si
465 2693 675 2782 dispicimus,
696 2711 853 2782 quenam
868 2701 986 2760 vetere
1004 2687 1209 2785 exemplaria
1265 2665 1270 2680 ⁵

221 2793 394 2862 Actorum
408 2802 443 2860 et
457 2789 696 2880 epistolarum,
710 2789 753 2859 de
768 2789 890 2882 quibus
901 2790 1002 2860 unice
1013 2789 1070 2860 bic
1082 2792 1190 2877 agitur
1197 2841 1211 2884 ,

222 2891 312 2960 inter
325 2911 364 2962 se
386 2909 488 2981 mam
501 2887 698 2974 longissime
712 2887 857 2977 distent,
878 2909 948 2956 non
962 2887 1028 2958 nisi
1043 2886 1209 2980 duplicem¹

223 2987 458 3059 diversitatem
478 2986 514 3054 in
534 2983 687 3077 plurimis
710 2997 745 3055 et
765 2984 975 3069 gravioribus
989 2985 1076 3058 locis
1091 2987 1210 3080 depre-

220 3083 422 3158 hendemus
466 3083 589 3174 ltaque
612 3095 651 3152 ut
673 3079 857 3153 christiana
884 3081 1030 3154 ecclesia
1049 3107 1070 3154 a
1090 3083 1207 3176 priscis

223 3183 432 3275 temporibus
461 3180 496 3252 in
523 3192 655 3272 partem
681 3179 881 3252 orientalem
906 3193 942 3252 et
966 3182 1217 3259 occidentalem

222 3283 330 3353 divisa
345 3293 422 3369 est,
441 3278 492 3352 sio
504 3280 654 3352 universi
670 3279 806 3351 codices
822 3279 857 3350 in
870 3278 1009 3352 easdem
1024 3279 1108 3354 duas
1123 3282 1208 3354 clas·

222 3402 279 3452 ses
295 3379 554 3451 distribuuntur.
598 3377 657 3449 Ad
676 3379 925 3452 occidentalem
943 3379 1116 3472 pertinent
1134 3379 1209 3452 libri

221 3477 411 3550 uncialibus
432 3476 538 3548 literis
561 3477 693 3548 exarati
714 3498 926 3570 taenaro,
946 3478 990 3549 ad
1007 3481 1207 3550 orientalem
1277 3539 1278 3546 ,

222 3579 294 3648 sere
323 3597 440 3646 omnes
470 3576 614 3646 minutis·
640 3574 945 3668 literis'descripti.
987 3577 1145 3670 Namque
1169 3577 1205 3648 in
1277 3619 1278 3670 t

222 3675 376 3768 plurimis
399 3687 434 3744 et
455 3674 661 3746 notabilibus
680 3673 884 3748 lectionibus
905 3673 954 3745 illi
975 3675 1017 3747 ab
1038 3674 1091 3746 bis
1113 3675 1204 3746 difle·
1277 3681 1278 3770 g

221 3787 325 3863 runt,
354 3773 485 3864 sibique
509 3774 658 3844 maxime
686 3773 855 3846 africanos
883 3785 918 3844 et
943 3772 1066 3847 latinos
1092 3787 1203 3867 patres

221 3873 490 3962 interpretesque
526 3869 703 3943 adiunctos
739 3871 876 3943 habent.
936 3871 1085 3942 Cunctas
1125 3891 1203 3940 vero
1277 3897 1278 3955 q

218 3969 435 4040 membranas
463 3989 686 4040 secuero
717 3989 763 4040 ex
790 3969 885 4040 fonte
913 3967 1084 4050 communi
1121 3967 1203 4040 dori·
1277 3977 1278 4002 ³
