2616 4598
45 321 50 330 '
86 341 195 394 error
217 343 294 394 xxt-
581 309 583 314 ¹
1003 338 1066 404 273
1167 347 1171 359 '

20 506 49 520 ,.
85 471 281 564 exhiberet,
302 471 457 546 librarius
481 476 587 548 oeulis
609 475 841 553 oberrantibus
862 484 929 554 iti
951 485 1063 587 irrep.

43 584 53 616 ·'
80 569 175 643 ubre·
199 575 344 654 deine,
369 571 502 644 omissis
528 573 585 664 ted
609 573 811 680 eriges-ebro,
842 577 1063 654 describebat.

20 685 29 723 ’-
80 673 215 740 Censor
239 667 360 739 deinde
382 691 515 741 comma
536 673 701 744 omissum
721 679 810 747 intra
831 675 936 750 lineas
957 679 1063 749 eollo-

19 779 37 823 ῒ-
80 770 193 837 sabat.
236 770 408 839 Posterior
435 771 546 841 scriba
568 795 635 842 una
655 773 742 842 serie
762 777 829 848 iii
843 777 953 878 dreng.
971 775 1061 849 einer·
1168 859 1171 864 ¹

79 867 102 935 ἐ
123 868 410 956 etiadpmaim
428 881 462 939 et
475 882 555 961 post
569 868 704 941 demum
718 875 822 942 verba
836 877 1062 972 superscripto
1107 879 1111 888 '

18 1016 24 1126 ἶ
77 1044 143 1118 sed
164 1067 267 1117 sensu
287 1047 481 1140 requirente
494 1033 645 1123 nume'ris
659 1051 707 1122 ita
720 1054 884 1144 appositis
897 983 954 1142 ἰξδ
968 1059 1060 1160 edgar

408 1177 429 1216 α

74 1227 132 1298 eal
152 1227 192 1298 rire
207 1229 342 1300 inin&-
384 1229 442 1300 Kal
457 1229 630 1331 regeret-brie
646 1240 691 1322 τῷ*
707 1233 792 1334 iiigp
809 1231 867 1304 tier·
884 1238 991 1315 riceri-
1034 1242 1062 1311 ό

73 1329 114 1396 ati
129 1327 186 1398 aa.
204 1323 263 1400 eiii.
282 1328 420 1398 inversa
436 1331 567 1398 ratione
585 1329 767 1416 inserebat.
801 1331 899 1404 Alius
914 1333 1060 1426 denique

73 1447 212 1514 censor,
229 1427 302 1508 jam
323 1428 518 1517 permutatis
540 1430 699 1500 membris
724 1431 902 1521 orationis,
921 1435 938 1504 ὁ
954 1427 1059 1534 eis-egee

34 1528 38 1538 '
71 1527 111 1598 in
130 1527 278 1625 ingiter
299 1529 460 1601 mutabat.
497 1527 553 1596 Sin
577 1540 689 1597 autern
709 1528 866 1620 vulgatus
885 1529 969 1600 ordo
982 1553 1059 1599 ver-

16 1625 40 1724 ⁴J
71 1626 197 1694 borum
221 1647 402 1714 germanus
430 1639 540 1716 esset,
569 1649 659 1720 eque
682 1626 743 1696 sed
764 1629 934 1697 contrario
955 1627 1057 1698 modo

25 1714 32 1803 ἶ
70 1721 271 1810 depravatio
293 1722 531 1813 explicaretur.
566 1725 683 1795 Scriba
705 1739 775 1794 tum
794 1728 898 1796 verba
916 1731 937 1802 ω’
949 1733 1057 1805 einu-

17 1829 37 1900 ·“,
70 1815 149 1890 εἶπεν
165 1821 458 1910 praetermittebat,
481 1843 603 1891 eensor
618 1823 744 1916 omissa
757 1825 920 1914 addebat,
941 1839 1057 1914 peste·

70 1920 146 1988 rior
166 1919 279 1990 scriba
301 1941 342 1988 ea
363 1919 512 1990 seeundo
534 1921 612 1990 loeo
627 1920 770 2013 ideoque
785 1925 921 1992 inverso
937 1922 1056 1994 ordine

23 2023 36 2103 ζ
69 2019 315 2107 interserebat,
337 2017 473 2087 tandem
495 2019 578 2090 alius
598 2041 734 2107 eensor,
755 2031 794 2088 ut
813 2020 978 2090 sententia
991 2021 1055 2091 sibi

68 2127 264 2204 constaret,
285 2117 434 2217 tepidior
448 2118 592 2188 faciebat
606 2111 714 2217 despue
730 2115 802 2187 sive
818 2114 948 2212 ἶσχίῖος.
976 2119 1055 2188 Jam
1125 2155 1138 2173 ·

14 2233 17 2239 ’
66 2235 154 2284 vero
180 2213 334 2296 judicare
363 2228 516 2304 oportet,
544 2215 611 2284 utri
635 2215 751 2308 generi
774 2216 912 2286 testium
933 2217 998 2284 hae
1018 2218 1054 2283 in

19 2313 25 2334 ”
66 2333 105 2382 re
126 2312 239 2382 minus
263 2309 474 2382 diffidendum
497 2314 553 2387 sit.
594 2313 748 2382 Maxime
770 2335 889 2382 eorum
909 2313 1054 2402 antiqui·

13 2417 29 2508 {j
66 2424 122 2480 tas
148 2411 185 2477 in
207 2410 370 2492 ejusmodi
398 2411 675 2502 interpolatione,
704 2434 778 2502 quae
801 2434 819 2502 a
840 2411 1052 2482 multitudine

13 2528 18 2536 ⁶
65 2506 303 2596 exemplorum
330 2509 483 2599 profeeta
511 2523 581 2598 est,
608 2509 794 2596 speetanda
820 2522 854 2580 et
876 2507 1052 2602 probanda

64 2610 144 2682 erit.
186 2606 250 2676 Sed
274 2629 293 2676 e
315 2606 390 2679 edd.
412 2605 597 2698 genelius
619 2611 776 2677 vaticano
799 2610 873 2697 (s),
902 2629 948 2676 ex
974 2608 1050 2682 intt.

14 2727 15 2732 ’
62 2727 168 2775 nerno
183 2707 267 2790 Syro
291 2704 374 2788 bier.
398 2705 566 2796 antiquior
587 2718 649 2775 est.
686 2707 782 2776 Inest
803 2706 939 2797 quidem
958 2704 993 2774 in
1007 2706 1048 2774 ils

14 2823 15 2826 ’
62 2826 204 2896 quoque
228 2803 381 2880 nonnihil
403 2802 620 2895 corruptele,
642 2804 702 2874 sed
719 2804 931 2894 simplicioris
945 2823 1049 2898 gene-

13 2893 15 2926 ⁵
58 2904 125 2976 ris,
168 2905 296 2972 Nostro
326 2916 439 2974 autem
466 2901 543 2972 loeo
571 2915 717 2992 quatuor
740 2903 866 2994 gradus
895 2901 1050 2972 derivate

13 3019 14 3024 ’
55 3000 332 3092 interpolationis
356 3001 459 3072 statui
480 3013 635 3091 oportet,
655 3000 691 3069 id
709 3000 801 3092 quod
814 2999 904 3070 haud
916 3002 988 3072 seio
1003 3023 1048 3070 an

54 3102 136 3171 istis
161 3123 301 3172 summae
315 3097 492 3169 vetustatis
511 3097 722 3169 documentis
736 3099 924 3170 conveniat.
958 3097 1048 3165 Tum

54 3200 91 3271 si
119 3198 270 3290 vulgaris
298 3198 383 3267 ordo
412 3219 592 3290 germanus
624 3195 738 3288 esset,
767 3204 867 3268 etiarn
892 3201 911 3267 ὅ
933 3196 1047 3296 aptiae

128 3376 346 3448 Griesbaehio,
364 3378 502 3434 ordinem
519 3377 567 3434 ed.
582 3393 600 3434 e
618 3375 764 3432 adinstar
780 3391 810 3430 v.
822 3377 857 3430 32
873 3375 1047 3434 conforma.

125 3471 195 3518 tum
212 3477 295 3532 esse,
312 3461 364 3516 ubi
380 3461 530 3534 principes
546 3459 664 3532 priore,
682 3457 845 3530 portitores
864 3465 894 3512 et
908 3455 1046 3512 meretri.

126 3559 181 3599 ces
199 3543 368 3615 posteriore
385 3545 456 3599 loeo
475 3541 615 3598 collocati
632 3548 748 3610 essent,
766 3537 1044 3605 tumaMettbaeio,

122 3642 220 3683 unum
237 3625 330 3680 lilium
347 3625 383 3680 ad
398 3623 539 3693 Judaeos,
560 3623 686 3679 alterum
703 3622 740 3676 ed
755 3621 880 3692 gentiles
897 3621 1041 3686 relatum,

124 3708 214 3764 etsie
226 3727 281 3780 pro
293 3707 480 3780 temporibus
494 3705 663 3762 ordinatum
675 3720 751 3774 esse,
764 3713 831 3758 turn
844 3720 860 3758 a
872 3699 1042 3762 Fritzsehio

122 3791 157 3846 in
171 3791 288 3848 Merth.
301 3809 331 3864 p.
342 3791 407 3861 641,
424 3791 563 3846 librarios
580 3789 715 3862 ineptum
732 3789 892 3844 eonsilium
908 3785 1041 3859 cepisse,
1115 3835 1120 3840 .

121 3880 239 3977 orpdiiee
262 3907 293 3945 v.
304 3894 337 3944 31
354 3889 392 3944 in'
405 3865 529 3962 iri-zellae
548 3903 603 3944 seu
624 3867 732 3974 iis-opor
752 3867 908 3950 mutandi,
925 3889 960 3938 ut
974 3895 1044 3954 per.

120 3971 206 4026 versi
223 3971 365 4028 homines
381 3985 526 4044 perverse
541 3967 775 4041 responderent,
792 3983 858 4041 quae
870 3973 942 4040 post
953 3979 1042 4026 eoos·

126 4051 173 4110 sio
190 4053 381 4128 pervertendi
404 4071 434 4112 v.
453 4057 496 4116 29.
514 4056 549 4110 ³0
570 4050 668 4109 fuerit.
805 4121 846 4186 ³3
