2616 4598
1051 189 1065 266 l

268 324 327 390 266
933 327 1235 378 annumeratur

270 467 480 540 documentis
502 461 717 555 supplebatur
740 459 811 530 aliis
832 459 995 544 vocibus,
1023 480 1111 550 quas
1134 457 1238 525 inlerri

269 591 337 638 non
366 587 450 656 opus
476 573 567 648 erat,
594 557 621 627 si
643 557 731 632 a'rl‘lrlr
752 569 921 647 repertum
941 555 1072 626 fuisset.
1116 553 1239 624 Scilicet

269 665 397 756 Captus
421 661 520 730 babet
541 655 648 755 apide,
670 657 870 726 Ambrosius
893 667 926 722 et
949 654 1086 745 quidam
1110 650 1185 722 cdd.
1205 652 1239 724 lt

270 783 430 830 uxorem.
484 848 489 854 Ι
538 839 541 853 Ι

330 900 363 945 v.
380 885 409 950 9·
434 869 464 952 ἒς
480 865 515 946 εἶν
533 869 668 964 dormian
685 871 735 944 mir
755 877 881 958 γυναῖκα
897 871 975 946 able
992 869 1037 960 pl
1054 869 1103 939 ἐπὶ
1120 871 1239 968 πορνείᾳ,

270 981 316 1046 ita
336 985 428 1041 recte
448 969 581 1040 Griesb.
605 993 623 1038 e
643 969 796 1060 plurimis
818 971 959 1040 testibus
981 981 1047 1040 utr.
1064 967 1109 1038 cl.
1133 967 1240 1052 edidit,

271 1070 331 1142 sed
360 1093 490 1139 comma
517 1081 594 1138 ante
621 1071 666 1158 ,wi
694 1067 871 1138 delendum
898 1079 981 1140 erat.
1025 1063 1135 1158 Quod
1156 1063 1239 1155 pauci

269 1167 343 1237 libri
365 1167 479 1256 scripti
501 1181 536 1236 et
556 1165 711 1257 vulgares
734 1167 887 1254 impressi
910 1171 934 1236 d
954 1177 1030 1234 ante
1054 1167 1101 1256 pri
1118 1162 1239 1233 addide-

270 1277 365 1353 runt,
387 1287 522 1354 operam
539 1263 671 1334 dedisse
686 1264 855 1352 videntur,
868 1275 906 1332 ut
920 1263 1163 1332 subveniretur
1175 1285 1238 1332 sen-

270 1363 393 1452 tentio,
414 1360 469 1432 cui
491 1375 601 1431 tamen
623 1361 703 1429 nihil
725 1361 840 1430 auxilii
855 1383 938 1452 opus
954 1374 1016 1432 est.
1055 1361 1151 1430 Bene
1167 1361 1239 1429 enirn

272 1461 408 1532 dicitur:
438 1461 631 1552 quicunque
652 1482 795 1528 uxorem
817 1457 979 1528 dimiserit
998 1481 1068 1528 non
1092 1464 1131 1529 iu
1153 1479 1240 1527 cansa

271 1559 319 1643 (i.
342 1582 370 1628 e.
394 1571 509 1643 praeter
531 1559 688 1638 causam)
713 1557 884 1647 adulterii,
906 1553 1075 1648 aliamque
1101 1556 1239 1638 duxerit,

271 1679 347 1724 eum
369 1657 522 1730 scortari.
566 1655 671 1724 Leon.
694 1655 837 1750 Huqiur
858 1655 993 1746 quidem
1013 1655 1048 1724 in
1070 1657 1239 1726 Commen-

270 1755 396 1823 tatione
420 1765 553 1844 exeget.
576 1752 618 1822 de
640 1753 789 1846 conjugii
810 1753 982 1823 christiani
1000 1753 1141 1823 vinculo
1156 1752 1240 1822 indis·

271 1846 403 1921 solubili
426 1849 602 1942 (Friburgi
627 1853 715 1920 1816.
731 1851 765 1932 l)
787 1853 900 1943 spuria
923 1873 996 1922 esse
1019 1853 1131 1922 verba
1149 1847 1238 1941 poltri

271 1952 391 2048 πορνείᾳ
418 1951 568 2038 censuit,
598 1950 658 2019 sed
685 1949 823 2019 infirmis
854 1951 1038 2019 rationibus
1065 1949 1236 2038 praefultus.

269 2049 437 2116 Nimirum
469 2053 506 2116 et'
534 2043 767 2136 Ptolemaeum,
805 2047 983 2137 disciplina
1016 2046 1237 2117 valentiniana
1283 2127 1284 2130 Ἴ

272 2145 440 2214 alumnum
470 2143 575 2214 seculi
599 2146 634 2215 11
660 2145 769 2235 (apud
791 2145 1015 2236 Epiphaniuru
1037 2145 1118 2214 adv.
1140 2147 1236 2214 hares.

271 2239 451 2333 XXXIII,
466 2246 500 2322 3)
523 2255 556 2312 et
571 2243 811 2312 Tertullianum
831 2244 920 2324 (adv.
937 2245 1111 2317 Marcion.
1128 2244 1238 2333 tvm)

271 2345 307 2412 in
329 2342 553 2436 oppugnando
575 2340 697 2432 placito
714 2343 754 2410 dc
772 2330 995 2432 discrepantia
1008 2355 1076 2412 ve't.
1096 2357 1133 2412 et
1146 2367 1179 2412 n.
1192 2342 1238 2426 T.,

273 2449 415 2532 quorum
442 2440 582 2510 alterum
606 2436 749 2509 divortia
772 2443 995 2528 concesserit,
1024 2441 1174 2512 alterum
1192 2461 1237 2507 ve·

273 2541 394 2624 tuerit,
419 2538 620 2607 abstinuisse
643 2561 663 2605 a
683 2550 798 2608 nostro
821 2539 897 2607 loco
921 2539 1037 2629 docet,
1057 2563 1163 2632 quem
1181 2563 1237 2610 ma·

270 2638 362 2706 nime
385 2637 418 2705 in
438 2635 586 2726 medinm
608 2637 758 2727 proferre
781 2637 973 2725 debuerint,
996 2651 1036 2706 ut
1056 2643 1237 2728 probarent,
1280 2709 1281 2714 ,

269 2729 450 2804 divortium
462 2733 495 2802 in
508 2755 540 2803 u.
552 2735 592 2801 T.
606 2755 739 2824 quoque
751 2735 783 2802 in
797 2747 887 2802 certa
898 2757 1000 2804 causa
1011 2749 1045 2804 et
1058 2739 1237 2806 conditione
1280 2721 1281 2742 ¹

272 2832 356 2901 dari:
379 2853 452 2901 earn
475 2853 557 2924 ergo
578 2831 757 2900 lbrmulam
779 2832 1038 2902 conditionalem
1054 2834 1103 2922 pul
1117 2835 1237 2932 belvag-

273 2931 331 3015 νείφ
356 2927 504 2998 abfuisse
535 2931 575 3000 ab
605 2930 870 3022 exemplaribus,
900 2931 1020 3020 quibus
1050 2933 1235 3004 Ptolemaeus

271 3041 304 3096 et
325 3019 553 3098 Tertullianus
583 3029 635 3098 usi
665 3030 741 3098 sint.
784 3029 858 3096 lIoc
887 3043 967 3096 vero
997 3043 1238 3122 argumentum,

271 3125 300 3195 si
322 3125 404 3216 qnid
424 3125 568 3212 valeret,
589 3125 658 3194 vim
678 3126 778 3195 etiarn
792 3125 932 3194 haberet
948 3127 981 3193 in
997 3125 1113 3196 locum
1127 3124 1235 3196 Maru.

272 3230 302 3312 5,
317 3231 375 3312 32,
397 3223 453 3292 ubi
475 3221 690 3292 interdictum
712 3223 844 3291 divortii
867 3223 1018 3294 similiter
1037 3215 1236 3298 additisver·

269 3321 322 3389 bis
343 3319 481 3419 ermenilde
498 3321 576 3417 λᾷφυ
592 3323 724 3419 πορνείας
745 3320 969 3412 restringllur.
1007 3321 1112 3414 Quod
1133 3323 1162 3392 si
1176 3335 1235 3389 lan·

270 3431 342 3486 tum
364 3419 522 3486 Intererat
543 3417 714 3487 Ptolemaei
736 3418 789 3486 'vel
810 3417 1026 3508 Tertulliani,
1054 3417 1235 3490 concessio·

269 3537 348 3585 nem
370 3514 538 3605 quandam
559 3515 692 3585 divortii
709 3539 728 3585 a
743 3515 876 3586 Christo
898 3517 1022 3586 iactam
1043 3536 1235 3598 memorare,
1276 3539 1277 3548 2

270 3635 381 3704 neque
415 3611 472 3681 illc
505 3613 600 3684 locus
634 3628 705 3683 erat
736 3615 1051 3704 praetermittendus.
1103 3613 1233 3686 Oblitine

271 3716 343 3794 ejus
366 3721 469 3784 sunt?
501 3736 543 3780 an
565 3735 659 3802 aeque
681 3714 814 3802 spurius
837 3723 913 3786 est?
944 3738 991 3783 an
1009 3717 1049 3784 ab
1070 3713 1128 3783 illa
1143 3733 1234 3802 argu·

270 3812 476 3879 mentatione
498 3809 751 3885 desistendum!
778 3811 945 3903 Quartum
965 3835 1035 3880 non
1049 3812 1156 3880 datur.
1187 3806 1232 3875 Nc

270 3909 400 3998 Hugius
421 3907 556 3998 quidem
579 3909 718 3995 primam
739 3923 772 3977 et
792 3908 931 3978 alteram
947 3909 1137 3998 opinionem
1149 3902 1231 3994 sequi
1274 3959 1275 3964 ,

273 4023 384 4090 ausus,
409 4016 508 4094 atque
533 4001 616 4072 adeo
635 4002 748 4076 locum
770 4028 799 4076 c.
817 4013 847 4094 5,
863 4013 903 4074 32
925 4009 1072 4077 omnium
1087 4005 1229 4076 librorum

1270 4449 1273 4553 l
