2568 4582
209 343 228 405 6
492 367 498 406 r
558 377 563 394 r

451 419 455 432 .

211 511 312 562 suum
322 505 421 558 usum
430 483 641 572 convertisse
652 479 848 568 videantur,
859 497 900 546 co
908 479 1019 548 minus
1029 477 1110 548 mibi
1123 486 1215 570 qui-¹

211 589 288 656 dem
300 585 430 677 placet,
446 577 539 672 quod
556 577 774 663 vulgoetiam
790 575 921 648 classes
936 575 1094 646 codicum
1110 577 1202 656 inter

188 767 190 774 χ
211 707 249 754 se
262 683 493 772 discrepantes
513 680 731 748 recensiones
753 676 1012 765 perhibeantur,
1037 691 1138 767 atque
1157 679 1203 747 de

212 783 411 852 recensione
428 777 603 867 orientali,
619 776 839 847 alexandrina
854 776 1119 867 occidentalique
1131 800 1203 846 ser·
1272 825 1273 830 κ

211 903 268 950 mo
291 879 345 949 sit.
387 879 472 950 Gnrn
496 876 586 946 enirn
614 873 662 944 illi
682 874 794 944 mixte
812 874 1013 944 conditionis
1039 875 1114 944 libri
1139 877 1203 945 vix

211 978 449 1047 recensionem
466 965 648 1046 'continere
671 972 867 1062 videantur,
889 974 1001 1043 nunus
1028 974 1129 1042 etiam
1147 973 1203 1045 bis

214 1099 256 1146 ea
287 1073 516 1144 denominatio
538 1071 708 1143 convenit.
750 1072 907 1164 Namque
932 1069 1092 1173 elipeum
1107 1096 1206 1171 ¹que-

214 1176 292 1246 dam
320 1174 430 1244 varias
455 1171 619 1254 lectiones
636 1171 716 1242 sine
735 1183 828 1240 certa
851 1170 1033 1240 stabilitate
1058 1170 1138 1238 hinc
1162 1171 1206 1238 il-

214 1275 285 1344 liue
304 1272 475 1361 corripere
491 1269 601 1358 solet,
618 1266 902 1360 quemadmodum
922 1280 959 1336 et
976 1267 1203 1338 in'hodiernis

214 1369 472 1442 recensionibns
504 1379 538 1437 et
566 1367 718 1456 inistis,
747 1388 832 1457 quos
859 1366 947 1454 dixi,
976 1365 1070 1452 libris
1098 1390 1206 1436 manu

217 1469 351 1560 scriptis
379 1457 571 1538 factitatum
602 1487 678 1538 esse
701 1465 868 1536 videmus.
910 1466 1037 1536 Verum
1052 1466 1206 1556 peculia-

215 1569 262 1640 ris
293 1567 441 1638 varietas
466 1577 536 1636 tarn
556 1565 738 1655 probarum
766 1588 867 1656 quam
895 1563 1125 1654 improbarum
1155 1565 1209 1634 le-

215 1663 367 1738 ctionum
388 1666 582 1755 inutraque
610 1662 721 1735 classo
737 1663 837 1733 obvia
852 1661 1014 1733 indicium
1025 1676 1078 1733 est
1091 1664 1206 1750 potius

214 1765 371 1837 editionis
403 1759 594 1864 inoperire.

278 1865 321 1933 D.
343 1864 495 1932 loannes
523 1859 686 1932 Albertus
714 1859 1090 1953 cooperimentum
1113 1854 1209 1942 criti-

154 1999 162 2024 .·
216 1986 299 2053 eus,
325 1961 418 2030 hunc
452 1975 618 2030 canonem
638 1959 682 2029 de
707 1957 836 2030 duabus
866 1958 1031 2030 classibus
1048 1959 1209 2034 codicum

215 2062 300 2132 olim
327 2060 471 2130 feliciter
492 2070 630 2129 secutus
649 2069 722 2128 est:
742 2059 903 2148 „Totum
914 2110 926 2149 ,
943 2060 1075 2152 inquit,
1095 2081 1208 2149 genus

217 2161 525 2246 documentorum,
541 2177 588 2226 err
602 2157 726 2248 quibus
743 2159 844 2228 variae
860 2159 1024 2230 lectiones
1040 2159 1210 2244 colligun-

215 2275 272 2329 tur
288 2271 322 2328 et
343 2255 563 2336 deciduntur,
593 2255 627 2324 in
651 2254 737 2326 duas
761 2259 1033 2342 quosiuationes
1049 2257 1209 2329 distrahi·

216 2376 288 2448 tur,
302 2358 476 2428 asiaticam
486 2354 744 2424 erafueanamx’
757 2355 883 2426 Verum
893 2358 932 2426 D.
941 2361 1076 2432 dodae.
1094 2358 1212 2428 Grion-

215 2455 357 2527 tacito
394 2455 487 2525 rivos
522 2453 599 2544 illes
627 2454 726 2526 unius
761 2453 865 2524 fontis
899 2456 1129 2528 occidentalis·
1144 2479 1208 2547 pro

219 2555 349 2626 duobus
368 2555 520 2625 fontibus
538 2552 676 2643 habuit,
692 2553 940 2646 universosque
958 2553 1094 2625 codices
1109 2577 1129 2625 e
1147 2556 1209 2625 tri·

216 2657 284 2723 bus·
301 2652 398 2744 quasi
413 2649 886 2742 exemplaribuspriucipibus
906 2652 1066 2735 deduxit,
1085 2676 1132 2723 ex
1152 2677 1210 2724 re-

219 2745 435 2821 censionibirs
463 2747 595 2818 scilicet
621 2749 794 2839 orientali,
818 2750 1032 2822 alexandrina
1058 2766 1092 2822 et
1115 2756 1210 2823 oeci-

219 2847 352 2918 dcntal'n
382 2848 475 2918 Sicut
490 2860 604 2916 autern
616 2851 650 2916 in
664 2848 908 2920 hereditatibus
922 2849 1083 2920 defuncto
1094 2864 1211 2941 patre,

217 2947 458 3039 superstitibus
479 2969 549 3016 nno
568 2946 639 3017 filio
663 2962 697 3016 et
718 2949 851 3022 duobus
868 2952 1067 3040 nepotibus,
1090 2950 1125 3018 hi
1140 2950 1209 3020 duo

217 3071 279 3139 pro
301 3069 368 3116 uno
389 3059 627 3134 numerantur,
650 3058 750 3135 atquc
764 3047 830 3114 nuri
850 3048 973 3134 semis,
986 3047 1112 3142 singuli
1125 3070 1208 3117 vero

184 3187 186 3194 ,
218 3169 287 3214 nou
321 3145 496 3231 trientem,
524 3142 586 3213 sed
605 3142 829 3232 quadrantem
858 3146 1050 3236 accipiunt,
1077 3147 1123 3216 ita
1145 3147 1211 3216 ini-

220 3267 326 3334 quum
353 3255 425 3329 est,
450 3263 563 3311 ramos
584 3239 739 3336 codicum
766 3263 846 3315 cunr
863 3244 1043 3333 stirpibus,
1066 3244 1208 3318 familias

219 3365 298 3412 curu
319 3339 484 3411 classibus
508 3338 729 3409 confirndere.
774 3341 854 3434 Quo
875 3363 932 3412 res
954 3355 992 3410 ut
1005 3343 1111 3432 magis
1130 3363 1209 3434 per-

220 3442 337 3532 spicea
362 3451 473 3528 esset,
492 3439 528 3507 in
546 3439 660 3529 priore
683 3439 826 3528 epistola
847 3441 891 3510 ad
913 3441 1104 3512 Corinthios
1121 3441 1211 3512 clas-

149 3585 152 3592 =
222 3541 310 3612 sium
334 3539 565 3608 diversitatem
587 3549 819 3627 perscrutatus
845 3538 1050 3629 deprehendi
1070 3561 1212 3610 consen-

219 3661 297 3709 sum
312 3638 367 3708 vel
383 3636 534 3705 omnium
553 3634 608 3704 vel
628 3635 869 3705 nonnullorum
890 3637 1052 3708 librorum
1077 3638 1211 3708 familiae

220 3737 372 3806 africane
397 3748 431 3804 et
459 3733 567 3803 latina
594 3733 743 3804 CXCIV.
769 3733 852 3805 locis
870 3759 902 3805 a
924 3735 1034 3806 classe
1057 3739 1212 3807 orientali

113 3879 115 3884 -
220 3834 462 3904 discedentem.
506 3833 619 3926 Quare
654 3836 722 3902 iste
746 3834 875 3902 familiae
898 3857 1044 3926 persepe
1066 3859 1211 3904 concur-

211 3931 333 4004 rentes
369 3931 539 4001 communi
570 3931 706 3999 nornine
730 3932 851 4003 eterno
869 3933 1085 4004 occidozratn
1106 3931 1211 4006 deno-

220 4032 323 4100 tando
356 4030 570 4104 videbantur.
614 4027 716 4119 Quod
746 4030 777 4100 si
800 4027 875 4098 libri
905 4053 992 4103 aec
1021 4031 1212 4118 protiosae
