2616 4598
66 355 185 404 CAPUT·
199 353 245 400 vl.

66 483 201 550 fontem
228 491 263 548 et
287 477 431 548 admittit
458 493 593 566 quoque
621 493 723 545 usum
747 473 846 544 alieni
866 473 1054 549 ministerii.

65 583 179 650 Lucas
196 587 228 664 9,
242 585 284 646 22
305 576 382 676 loco
403 597 475 665 par.
494 595 591 666 aeque
612 573 729 644 babet:
754 571 858 645 aab&
873 579 984 644 πωθυῒι
1002 575 1055 656 ul

66 679 356 764 ἱποῶκιμοθῖνω
369 673 431 746 aial
443 683 502 766 etis
515 669 725 772 atgwssv'lt'pur:
747 683 926 762 ulmmque
941 672 1055 742 dicere

67 777 185 864 licuit,
206 776 268 846 dari
287 789 322 844 et
341 777 415 854 o‘arl,
442 795 521 842 oum
541 772 610 840 duo
630 770 736 840 verba
756 783 791 840 et
810 791 914 840 sensu
933 782 1054 838 neutro

70 889 104 944 et
125 872 263 963 passivo
282 885 319 940 et
340 871 406 940 boe
426 871 537 959 ipsum
558 891 636 941 oum
655 871 717 942 rivo
734 870 958 959 oompositum
974 870 1056 949 jun.

69 985 244 1064 gerentur.
280 970 345 1039 Sed
359 969 441 1044 ¹sine
462 969 625 1039 varietate
647 980 751 1038 testes
773 968 901 1058 antiqui
917 968 982 1040 ἐπέ
994 989 1057 1036 ex-

69 1074 200 1143 hibent.
243 1069 370 1141 Verum
397 1070 497 1138 tertio
524 1066 602 1139 looo
629 1089 701 1156 par,
722 1065 833 1136 Maro.
847 1075 879 1152 8,
894 1073 933 1136 ³1
955 1065 991 1134 in
1011 1067 1056 1140 ol.

71 1195 147 1250 Qec.
168 1167 271 1241 arom*
286 1173 397 1242 ruffi
420 1168 473 1239 eei
494 1168 780 1253 &obumbras
804 1162 878 1236 rimo*
901 1169 959 1236 τᾶν
984 1194 1058 1263 ape..

69 1271 214 1370 cavitque
235 1279 369 1353 exstat,
388 1264 480 1355 quod
500 1265 623 1354 probo:
644 1284 723 1336 cum
739 1260 842 1352 vulgo
855 1263 919 1330 ἐπ’
932 1260 1058 1331 editum

70 1372 136 1456 sit,
159 1367 251 1457 quod
272 1388 290 1433 e
309 1367 400 1437 Luta
415 1377 451 1434 et
461 1361 587 1434 Mettb.
609 1363 643 1430 in
663 1361 706 1432 ol.
722 1380 772 1434 or.
787 1359 969 1432 invectum.
1000 1357 1059 1424 Ad

71 1465 259 1538 eorundem
281 1467 388 1534 instat
408 1464 444 1532 in
462 1460 572 1534 Maro.
594 1459 755 1549 articulus
776 1461 836 1531 τὸν
857 1457 892 1524 in
912 1455 1059 1524 nonnul-

70 1569 113 1638 lis
144 1565 380 1646 omittebatur,
408 1585 441 1633 v.
455 1563 495 1630 bl
518 1553 583 1636 iila
607 1559 643 1626 in
667 1558 696 1628 εἴ
712 1589 758 1633 τις
784 1555 998 1640 mutabatur,
1025 1565 1060 1620 et

71 1663 236 1736 deuastati
260 1662 296 1734 iu
321 1665 435 1736 ἱζλθνῒν,
464 1679 505 1727 ao
527 1679 559 1724 v.
575 1657 617 1724 36
642 1647 803 1756 {abenner
825 1653 862 1720 in
886 1645 1056 1752 ἅνθρωπος.

71 1762 200 1836 Mattb.
221 1773 334 1831 autem
355 1758 414 1829 ubi
433 1777 502 1832 uon
523 1767 716 1845 senatores,
737 1754 795 1844 qui
818 1751 961 1821 alienam
978 1771 1061 1839 ope-

73 1885 149 1930 ram
177 1859 418 1944 adhibuerunt,
446 1855 507 1927 sod
534 1853 694 1924 universe
714 1852 851 1921 Judaeos
872 1847 1063 1938 signifieat,

72 1963 110 2028 in
132 1959 250 2028 eadem
271 1979 376 2026 eausa
395 1955 480 2028 scite
495 1954 557 2026 ὑπ’
568 1961 709 2040 usurpat
722 1971 751 2018 o.
768 1951 820 2036 17,
834 1955 890 2014 12:
910 1948 926 2015 ὅ
943 1941 1002 2020 viic
1017 1946 1060 2016 τῦ

73 2063 224 2160 impolita
239 2066 344 2147 plato
360 2059 487 2160 κᾴσχω
505 2055 555 2124 ὁπ’
568 2053 672 2129 aulis.
704 2047 814 2138 Igitur
827 2067 904 2114 oum
918 2043 1062 2112 verbum

75 2182 179 2230 sensu
207 2157 343 2246 passivo
373 2154 562 2224 adnomen
590 2171 669 2218 eum
693 2159 818 2216 statum
840 2144 983 2214 efficiens
1004 2163 1061 2210 re-

73 2259 193 2346 fertur,
222 2259 285 2330 ὑπό
303 2255 370 2324 dici
396 2262 539 2342 oportet
581 2247 629 2318 Ut
646 2243 824 2316 redeamus
846 2241 892 2312 ad
912 2265 948 2312 n.
966 2237 1009 2325 1.,
1030 2238 1062 2308 si

74 2379 138 2446 pro
161 2355 297 2445 passivo
317 2349 500 2444 ὄχλέμηοι,
526 2346 619 2438 quod
640 2367 719 2416 eum
739 2341 875 2412 nomine
897 2335 1061 2407 efficiente

76 2455 178 2539 (ὑπό)
197 2455 415 2536 construitur,
436 2445 688 2520 substantivum
703 2435 838 2528 aliquod
852 2456 914 2526 per
928 2456 965 2504 se
981 2455 1062 2504 seu-

76 2579 117 2626 su
141 2551 255 2622 valens
277 2575 306 2619 e.
328 2575 360 2641 g.
381 2551 513 2622 ἀσθενεῖς
534 2544 682 2635 positum
702 2551 809 2623 esset,
835 2536 961 2606 rectius
984 2535 1061 2604 fons

75 2652 282 2723 infirmitatis
298 2651 365 2717 hoo
379 2646 481 2716 modo
497 2643 760 2736 significaretur:
788 2639 816 2706 oi
834 2637 967 2711 ἐσθτνεῒς
989 2633 1063 2704 dart

77 2751 250 2842 mespilae
272 2751 372 2820 duab.
415 2741 622 2814 subtilitates
651 2739 703 2806 hae
732 2746 827 2819 sunt,
857 2732 919 2802 sed
940 2731 1062 2821 quibus
1167 2725 1171 2738 '

80 2850 224 2943 oogrritis
247 2871 328 2918 vera
349 2856 498 2935 potestas
520 2841 702 2910 verborum
721 2831 938 2924 intelligitur,
961 2849 1064 2919 syno-

77 2973 182 3034 nyma
203 2961 237 3018 et
258 2941 435 3014 multitudo
457 2936 741 3034 significationum
761 2931 968 3001 minuuntur.
1006 2927 1063 2996 Sic

78 3051 138 3119 tat
159 3047 285 3136 ubique
298 3042 594 3130 fundamentum,
617 3047 652 3104 et
670 3033 735 3102 ἐπ’
752 3031 911 3100 universa
924 3026 1064 3096 notione

79 3149 270 3222 abitionem
291 3140 438 3230 indicat,
461 3158 529 3228 quo
551 3144 651 3224 pasto
674 3129 856 3200 alterautra
877 3121 1063 3218 prepositio

81 3247 123 3314 ab
144 3244 250 3316 altera
271 3238 414 3310 multum
435 3231 583 3305 dissidet.
619 3229 778 3300 Bifariam
799 3223 907 3294 omnis
924 3222 991 3290 ista
1006 3219 1066 3287 ab·

80 3345 170 3432 itio,
189 3364 292 3433 quam
312 3335 374 3410 tirtel
395 3331 571 3423 exprimit,
600 3327 704 3398 dividi
724 3335 855 3415 potest,
885 3341 952 3410 quo
973 3317 1065 3386 laeto

83 3453 212 3512 ounotae
242 3437 361 3530 viginti
389 3431 676 3524 significationes,
708 3443 793 3514 quas
820 3415 1064 3488 Sobleusnerus

80 3537 277 3630 proposuit,
303 3537 368 3604 rite
389 3531 643 3604 distribuuntur.
683 3519 799 3590 Abitio
822 3516 910 3585 euim
933 3528 986 3585 est
1007 3523 1067 3582 aut

80 3639 295 3710 abalienatio
313 3635 477 3724 (primum
492 3647 563 3698 are
578 3645 640 3694 seu
654 3639 818 3712 persona,
840 3617 938 3696 ouius
954 3631 1067 3680 exem-

79 3737 138 3828 pla
159 3735 265 3806 babes
288 3731 377 3823 apud
390 3726 605 3800 schleusner.
621 3721 683 3790 sub
700 3714 847 3786 numeris
862 3718 892 3782 4.
907 3718 1001 3794 5.,10.
1014 3718 1067 3786 2ο.

79 3835 338 3921 Mattb6,13:
367 3833 451 3930 ῥῦσαι
475 3820 537 3894 iai
560 3825 602 3893 at's‘
625 3820 747 3916 πονηςῧ.
789 3809 915 3884 Mattb.
934 3815 991 3896 11,
1009 3811 1067 3896 25:

80 3937 262 4034 ἀπέκρυψας
285 3927 347 4000 εἰπὲ
372 3929 475 4016 ababa·
517 3919 677 4002 Marc.7‚
695 3917 749 3986 17:
777 3913 903 3989 alciata
929 3911 965 3985 εἰς
990 3901 1067 3974 οἷκον

79 4029 145 4105 iao*
161 4036 203 4126 ri
218 4021 318 4121 ipae,
343 4023 463 4094 deinde
486 4013 684 4094 abalienatio
708 4009 831 4102 alooo,
852 4007 913 4078 sub
936 4023 1066 4094 numer,
