2616 4598
55 165 57 220 l

51 273 54 370 l
103 299 191 358 c'trtn
211 308 312 358 mr.
994 287 1057 358 283

95 437 322 525 discrepantia,
344 448 416 508 tum
436 435 566 508 interna
583 437 672 508 ratio
691 437 822 512 suadet.
864 437 955 508 Nam
973 459 1057 510 con-

87 538 204 617 iunctio
225 539 281 606 ω’
298 534 668 608 autumnatione
689 535 863 626 mucuns
884 535 928 604 ad
943 537 1057 625 dupli-

41 636 45 720 l
88 657 154 702 cens
179 655 331 701 errorem
359 633 511 723 induit,
541 655 619 704 cum
640 647 701 704 ant
719 637 931 706 omittercttu’
951 639 1004 706 ω’
1020 637 1056 706 in

40 735 43 784 t
83 733 108 798 f.
122 733 179 800 alr.
197 735 284 822 (φιτ
306 732 341 798 in
364 742 478 800 cetera
498 731 665 820 scriptura
678 733 800 815 syron
815 732 897 808 hier.
912 733 1056 804 fideliter

87 829 290 917 comtum),
312 841 373 898 aut
394 828 596 898 adderentur
616 830 652 898 in
673 828 715 898 ci.
730 853 779 900 or.
802 834 961 924 verberix
974 825 1054 932 dp·

84 941 155 994 ante
171 922 313 1026 ’τι-εμπ.
351 928 563 1018 Quamquam
585 927 752 1017 suspicor,
775 930 995 1020 archetypum
1010 931 1054 1000 cl.

82 1047 130 1095 or.
148 1023 299 1092 noluisse
321 1024 435 1094 iterari
455 1027 500 1117 ἐχ
515 1017 613 1124 ripn,
633 1025 693 1094 sed
712 1025 844 1096 sublata
858 1050 899 1096 ea
913 1041 990 1101 ante
1003 1027 1055 1098 ecl

82 1128 194 1191 mat&
208 1123 458 1212 transposuisse
472 1137 549 1192 ante
565 1117 705 1222 'respon
726 1145 834 1212 eaque
850 1140 967 1213 postea
981 1141 1055 1196 tan-

79 1223 154 1289 dem
174 1236 319 1311 utroqne
340 1220 416 1292 loeo
439 1221 591 1291 exhibita
612 1241 696 1292 esse.
739 1221 796 1290 Ad
814 1223 1055 1310 suspicandum

78 1321 213 1390 adducit
232 1341 288 1388 me
311 1319 362 1388 cd.
387 1341 428 1407 o,
456 1320 515 1411 qui
538 1341 732 1412 germanam
759 1320 959 1408 scripturam
979 1323 1055 1404 Syri

77 1419 213 1508 copulat
243 1442 320 1486 curn
349 1417 476 1506 altera,
504 1441 574 1509 quae
602 1415 654 1488 rel
678 1420 724 1504 rix
748 1412 829 1518 viper
856 1421 1054 1510 transponit

76 1517 211 1586 Scilicet
240 1518 273 1584 in
306 1518 456 1608 margine
482 1517 534 1588 sui
556 1515 757 1606 exemplaris
778 1518 933 1588 librarius
955 1519 1007 1591 cd.
1030 1540 1053 1588 n

74 1617 262 1684 invenerat:
285 1615 427 1702 primum
443 1615 494 1686 cei
510 1616 557 1710 ἐχ
571 1606 665 1714 siper,
686 1613 723 1688 ro*
739 1615 801 1704 ἱξίς
816 1614 869 1693 (τὲ
881 1615 964 1704 ὅξίς,Δ
978 1629 1054 1688 utut

73 1725 280 1806 repugnaret
299 1711 507 1781 Fritzschius
530 1735 561 1800 p.
584 1715 664 1799 788,
694 1711 931 1787 Gricsbaohius
960 1731 1053 1790 reete

75 1813 313 1902 interpretatus
337 1822 388 1880 est
406 1811 642 1902 separatim
661 1811 846 1882 subauditio
869 1817 979 1885 verbis
1002 1816 1053 1888 cci

75 1918 193 1984 mmo
213 1915 361 2010 προςελθ.
381 1913 529 1998 airadum,
550 1929 623 1998 quae
646 1921 699 1978 est
720 1908 794 1996 ipsc
814 1926 931 1984 nostra
951 1911 1052 1984 lectio

71 2009 291 2098 emendata);
318 2006 437 2076 delntle
460 2007 512 2080 nai
531 2005 639 2080 dromi
658 2012 825 2106 πςαςὶῖλθον
845 2013 1053 2114 damnific-

68 2139 134 2208 pn,
159 2105 212 2178 zai
237 2108 285 2198 ἐχ
308 2098 407 2207 stipor,
431 2102 468 2175 τὲ
491 2103 553 2194 iiie
582 2105 625 2181 ti.
648 2127 677 2174 e.
706 2111 901 2198 sequentia,
933 2131 1052 2198 nempe

68 2201 179 2304 ὅςεςω
196 2209 233 2274 di
243 2206 275 2284 ):
299 2227 401 2296 quam
421 2215 597 2292 utramque
619 2201 797 2272 lectionem
817 2205 935 2274 iisdem
954 2203 1051 2294 plane

66 2304 185 2372 verbis
210 2299 342 2372 fidelius
366 2325 468 2394 quarn
491 2302 606 2370 scitius
629 2302 662 2370 in
685 2314 880 2370 contextum
903 2313 1052 2374 trausttt·

65 2402 118 2470 lit.
156 2401 247 2468 Hinc
269 2398 310 2469 ol.
334 2423 384 2471 or.
404 2402 449 2492 ἐχ
465 2394 544 2499 rigor
566 2398 742 2487 dupliciter
764 2397 962 2490 exscripsit3
983 2423 1050 2492 qtto

67 2498 159 2569 nihil
187 2499 329 2590 ineptius
359 2511 429 2588 est,
459 2499 522 2568 etsi
551 2497 626 2566 libri
652 2497 805 2586 impressi
826 2497 979 2590 vulgares
1001 2499 1051 2570 sic

67 2598 234 2670 habeant.
277 2595 412 2668 Griesb.
433 2597 510 2671 farn.
533 2595 594 2669 afr.
616 2607 751 2664 secutus
774 2609 842 2678 est,
871 2597 934 2666 nisi
959 2595 1051 2688 quod

65 2699 300 2766 inveteratum
321 2695 474 2766 ordinem
488 2699 666 2764 verborum
680 2700 796 2764 mun
814 2699 944 2782 luitpr.
961 2725 1052 2796 opat.

67 2804 146 2866 ιλθ.
178 2795 348 2864 retineret.
389 2793 445 2864 Ex
470 2804 588 2866 nostra
621 2790 851 2860 emendatione
882 2791 1052 2884 eleganter

70 2895 130 2966 ω’
151 2892 230 2962 loco
255 2894 361 2992 καίπερ
388 2892 532 2983 positum
562 2904 631 2978 est,
660 2890 760 2970 cujus
788 2911 868 2959 usus
897 2891 1052 2984 exempla

68 2995 136 3074 (in
158 2991 282 3080 quibus
305 2990 420 3058 itidem
441 3003 571 3058 veteres
595 2987 670 3059 cdd.
688 2987 892 3080 quaudoque
906 2993 1052 3072 variant)

69 3089 321 3160 Schleusnerus
344 3087 376 3154 in
398 3087 483 3161 Lex.
502 3084 523 3155 l.
543 3111 573 3178 p.
593 3095 672 3157 tttt
695 3088 875 3181 congessit.
909 3088 949 3158 In
965 3090 1050 3178 Syro

67 3189 159 3261 hier.
180 3186 238 3264 (de
261 3184 381 3253 ceteris
402 3185 476 3253 intt.
499 3185 609 3256 minus
631 3187 751 3276 liquet)
766 3199 808 3254 et
822 3185 846 3256 f.
861 3183 921 3257 afr.
934 3189 1050 3254 nentis

71 3310 94 3356 a
116 3284 254 3352 nomine
276 3285 523 3382 leodompiv‘pnr
539 3282 735 3351 concinnius
752 3294 936 3370 separatur,
958 3295 1049 3355 uteo

69 3383 199 3453 arctius
223 3381 277 3470 cel
294 3402 370 3450 cum
384 3384 503 3452 nandi
521 3379 692 3450 cohaereat.
728 3377 882 3470 vulgaris
899 3393 1050 3470 transpo-

71 3479 155 3552 sitio
177 3478 359 3577 lwdbpcntp'i·
381 3477 595 3578 repetendc'r'ior
617 3477 744 3564 effecit,
769 3489 805 3544 ul
827 3477 859 3546 ln
881 3479 1049 3548 nonnullis

70 3575 168 3646 libris
191 3577 234 3646 ob
257 3576 353 3668 signa
376 3573 597 3645 correctionis
618 3575 944 3648 commaneremus
961 3605 1050 3674 orger-

89 3829 121 3899 *)
138 3829 183 3884 Ita
196 3830 290 3884 ferme
304 3829 451 3899 Origenes
463 3846 491 3889 e.
504 3827 672 3899 Cels.l,lo:
701 3814 738 3886 ri
757 3813 818 3904 ἑξῖἷς
840 3818 877 3904 rii
894 3817 996 3896 pericu
1009 3818 1051 3881 τῦ

139 3912 215 3983 'lacti
228 3915 506 4009 nireycppapepnlrom
525 3930 544 3986 i.
558 3947 584 3986 e.
597 3929 679 4003 quod
691 3935 765 4002 post
781 3926 965 3983 nativitatem
975 3923 1050 3982 Jesu

142 4009 287 4082 deinceps
302 4011 429 4070 relamm
446 4021 500 4068 eor.
