2604 4584
265 321 326 386 tto
927 335 1239 401 aerumnosarum

265 471 411 559 pluribus
433 473 534 560 supra
553 476 655 542 duab.
678 473 843 559 scriptum
864 466 968 536 fuisse
985 463 1127 548 videtur,
1150 462 1239 532 unde

264 569 395 658 decepti
416 568 539 638 librarii
560 570 615 638 alii
633 569 801 658 posterius
823 571 931 644 ιίςολθ.
944 562 1168 633 omittendum
1185 561 1240 630 alii

264 667 549 758 transponendum
577 667 641 736 sibi
669 687 744 737 esse
772 665 953 732 duxerunt.
995 658 1097 751 Quod
1119 657 1242 726 Schul-

263 768 336 834 zius
362 777 516 851 annotat,
546 771 722 866 ὣίςχισθω
744 761 849 832 semel
870 783 890 829 a
909 758 1033 833 Matth.
1055 757 1238 826 adhibitum
1294 801 1295 848 ,

263 887 292 932 e.
311 868 434 952 12,43,
463 867 565 962 εἰςίξχ.
594 863 881 955 frequentissime,
910 855 1095 926 nihilfecit
1115 853 1157 953 ad
1182 853 1240 922 da·
1294 899 1295 906 κ

261 959 442 1030 mnandum
458 965 608 1042 absabufr,
641 960 733 1052 quod
754 970 911 1048 preterea
932 953 1107 1026 sententia
1129 951 1238 1044 magis

261 1057 429 1126 convenit.
471 1057 591 1149 Neque
620 1057 696 1146 plus
721 1055 807 1124 dixit
827 1055 959 1126 Griesb.
981 1053 1015 1120 in
1037 1045 1168 1122 Colum.
1193 1072 1240 1120 cr.

261 1177 296 1246 p.
309 1157 380 1244 161,
401 1157 586 1232 1110311111
602 1159 729 1227 troad&
751 1167 929 1245 propterea
942 1162 1107 1220 mutatum
1121 1147 1239 1234 fuisse,

261 1276 305 1322 ne
318 1252 406 1322 idem
420 1255 559 1322 verbum
573 1253 609 1321 in
625 1253 743 1322 eodem
760 1263 926 1320 commate
939 1249 1129 1317 iteraretur.
1160 1245 1196 1314 N
1198 1269 1241 1314 ou

261 1350 371 1420 minus
400 1351 488 1418 enim
512 1363 630 1418 contra
651 1349 821 1438 disputare
843 1348 940 1436 lieet,
970 1369 1075 1416 uuum
1094 1345 1237 1412 verbum

263 1449 306 1518 ad
338 1448 479 1518 alterum
507 1469 527 1516 a
554 1447 697 1516 librariis
728 1447 963 1516 festinantibus
994 1445 1241 1514 conformatum

261 1569 355 1633 csse,
375 1559 412 1614 ut
431 1547 550 1616 crebro
571 1545 758 1633 usuvenit,
778 1543 832 1612 vel
845 1544 953 1613 rarius
969 1565 1045 1612 cum
1060 1543 1239 1633 frequente

262 1657 497 1736 pennutatum.
511 1683 553 1700 -··
574 1644 615 1712 In
629 1645 749 1714 Marco
770 1643 886 1711 itidem
903 1646 1035 1714 11111111
1055 1642 1240 1710 retineatur

264 1754 402 1813 auctore
416 1743 458 1810 cl.
475 1764 564 1820 ocos
586 1763 664 1810 nam
681 1730 725 1822 ea'
739 1742 778 1811 iis
795 1741 887 1828 cdd,
904 1740 961 1830 qui
975 1744 1083 1818 εἰςιλθ.
1099 1737 1242 1823 habent,

262 1837 413 1912 nonnulli
428 1840 489 1923 (nu
505 1843 657 1912 111121.
671 1847 729 1910 131
744 1840 806 1910 Εν.
823 1847 872 1908 18.
889 1848 939 1912 19.
954 1841 1011 1918 36)
1026 1838 1126 1906 etiam
1142 1841 1243 1906 omit-

261 1938 364 2005 tendo
386 1937 436 2006 bis
459 1935 635 2006 articulum
650 1939 839 2014 1111110110
854 1947 1114 2026 expresserunt,
1135 1947 1241 2025 atque

264 2033 419 2103 Clemens
434 2033 521 2109 alex.
530 2085 542 2122 ,
561 2037 618 2126 qui
632 2039 739 2112 εἷςελθ.
755 2034 846 2127 legit,
862 2037 975 2136 ῥαφίθος
988 2034 1022 2101 in
1036 2033 1153 2118 βελόνης
1168 2057 1243 2102 mu-

264 2131 367 2202 tanda
396 2132 495 2200 etiam
516 2133 651 2220 propius
673 2135 798 2202 Lucam
821 2145 956 2202 secutus
978 2145 1040 2204 est
1081 2132 1123 2200 ln
1144 2133 1241 2202 Luca

263 2251 345 2298 vero
367 2227 409 2297 el.
424 2250 496 2296 occ.
517 2229 720 2317 scripturam
740 2231 855 2310 βελένης
876 2231 1038 2320 servavit,
1061 2252 1164 2320 quam
1186 2227 1240 2298 el.

262 2351 296 2416 p.
316 2329 350 2396 in
371 2326 543 2420 vulgarem
562 2339 754 2417 corruptam
776 2348 851 2396 esse
873 2346 1007 2404 censeo.

260 2465 264 2472 ’
324 2465 357 2516 v.
371 2450 411 2516 29
427 2454 460 2510 et
473 2441 494 2512 l.
508 2463 539 2531 p.
555 2443 662 2510 Mare.
677 2449 727 2528 10,
738 2449 778 2513 29
798 2433 815 2510 »l
830 2445 957 2530 ,uidua
974 2441 1136 2510 insertum
1151 2455 1208 2512 est
1222 2464 1240 2510 e

263 2542 284 2610 l.
299 2563 332 2632 p.
347 2541 426 2608 Luc.
444 2549 495 2627 18,
511 2547 561 2608 30.
603 2539 756 2628 Utroque
776 2537 852 2607 loco
875 2540 970 2607 abest
991 2561 1011 2607 a
1031 2557 1082 2606 ao
1100 2546 1117 2605 1
1142 2539 1240 2632 Orig.
1294 2629 1295 2632 Ἴ

263 2639 369 2727 11110,
389 2639 498 2728 priore
521 2661 540 2707 a
560 2637 653 2728 Syro
671 2637 757 2706 hier.
780 2638 908 2707 Irenaeo
927 2635 1075 2724 Hilario,
1095 2644 1243 2726 posteri-

264 2759 321 2805 ore
343 2761 362 2804 a
379 2735 453 2804 cdd.
469 2738 519 2806 66.
533 2744 594 2808 209
616 2737 689 2810 intt.
704 2735 808 2824 Copto
824 2738 920 2805 Arm.
936 2733 1013 2828 Vlg.
1047 2736 1089 2804 ln
1109 2733 1241 2804 Matth.

263 2856 282 2902 c
303 2835 394 2902 Luca
414 2839 448 2902 in
470 2833 667 2922 quibusdam
688 2833 897 2902 documentis
919 2847 1075 2922 praeterea
1096 2833 1191 2910 οἰκίας
1206 2835 1241 2900 in

263 2933 353 3002 οἰκίαν
370 2944 403 2999 et
416 2932 528 3031 weliga
543 2925 558 3000 l
574 2933 684 3031 [10Ίέ91
696 2933 731 2999 in
746 2937 837 3017 φονεῖς
849 2945 1040 3000 correctum
1055 2930 1243 3019 deprehen·
1294 3017 1295 3026 ἵ

262 3031 361 3098 ditur.
396 3030 509 3120 Quare
530 3031 649 3098 mirum
669 3053 737 3098 non
755 3029 939 3116 videbitur,
961 3049 1080 3097 nomen
1097 3027 1241 3104 oiseleria

260 3126 385 3200 Matth.
408 3128 450 3194 ob
471 3125 546 3194 loca
566 3125 723 3216 parallelo
744 3127 860 3196 ordine
881 3149 1017 3218 quoque
1039 3128 1240 3215 perturbato

261 3226 364 3316 vulgo
379 3223 460 3316 legi:
481 3225 562 3294 mibi
578 3225 710 3315 quidem
722 3226 895 3316 probatur,
909 3226 1001 3314 quod
1011 3224 1125 3315 Syrus
1135 3223 1248 3310 bien,

262 3323 404 3411 Coptos,
423 3321 601 3410 Aethiops,
625 3323 799 3414 Origenes,
821 3323 967 3406 (tyrillus
990 3320 1095 3406 alex„
1128 3319 1244 3404 Chry-

261 3433 430 3488 sostomus
457 3433 491 3490 et
510 3419 587 3488 odd.
608 3442 658 3511 gr.
675 3441 719 3487 cn
736 3428 753 3488 1
776 3413 791 3492 l
809 3423 898 3498 οἰκίας
914 3433 990 3508 post
1005 3420 1103 3520 ἀγρός
1122 3420 1242 3500 rejici-

261 3529 332 3590 unt.
364 3517 457 3586 Unus
481 3539 499 3584 e
520 3517 595 3585 cdd.
617 3517 693 3586 Itali
717 3517 856 3604 dubius,
877 3518 1012 3587 ubinam
1034 3516 1243 3604 collocaret,

260 3629 404 3704 utroque
425 3613 501 3682 loco
523 3617 612 3692 οἰκίαις
635 3615 798 3684 exhibuit.
842 3616 882 3682 In
904 3617 1014 3684 Marc.
1035 3637 1103 3682 non
1125 3613 1243 3682 solum

261 3713 350 3783 111110
378 3737 398 3782 a
418 3711 586 3782 nonnullis
612 3713 796 3782 secundum
816 3713 939 3782 Matth.
962 3714 995 3784 in
1019 3715 1244 3792 01111110]οω-

259 3813 377 3896 batur,
401 3807 625 3895 sede'tiamxa
646 3830 668 3876 o
692 3823 725 3878 et
747 3811 876 3879 duobus
899 3809 973 3878 edd.
996 3815 1035 3880 lt.
1058 3809 1245 3880 omitteba-

261 3923 326 3986 tur,
341 3901 430 3996 ⁴puto
454 3920 647 3996 propterea,
670 3909 759 3998 quod
780 3909 813 3976 in
833 3907 958 3980 Matth.
981 3908 1163 3998 antiquitus
1188 3909 1247 3977 de-

263 4004 480 4076 sideramtur.¹
510 4007 618 4075 Marci
641 4019 752 4076 eutem
775 4007 880 4076 oratio
897 4027 941 4076 ex
955 4003 1080 4080 March,
1097 4017 1131 4072 et
1144 4004 1246 4078 Luca
