2632 4590
223 291 283 392 blo
486 301 489 316 ¹
963 307 1008 354 no
1024 305 1077 354 av.
1093 303 1212 354 manci

285 459 318 507 v.
332 437 384 515 72.
412 437 449 508 τὲ
475 445 556 539 plne
580 430 597 506 ἕ
625 433 757 528 plurimi
779 433 855 508 odd.
877 447 943 508 utr.
966 433 1007 506 cl.
1030 449 1123 506 recte
1145 438 1210 507 lra-

226 537 323 624 bent,
348 535 643 625 comprobantibus
665 534 823 623 Knappio
846 545 881 602 et
903 531 1038 606 Sclrolz.
1076 535 1210 604 Geniti-

226 639 292 705 vus¹
310 639 352 706 eii
373 632 490 724 ‘israeles
507 625 527 706 i
548 631 688 703 debetur
704 631 726 699 l.
742 656 772 720 p.
787 629 908 702 Matth.
926 635 977 718 26,
992 636 1031 702 75
1041 657 1051 700 ι
1073 637 1208 722 tpvlsbn

224 737 264 804 τῦ
280 668 456 832 pipalie'et
469 731 549 798 Luc.
565 739 616 820 22,
630 732 688 798 61:
709 726 885 819 §eupoleon
901 734 942 804 τῦ
959 731 1053 819 eo'pa,
1076 733 1166 802 unde
1183 734 1208 802 f.

226 831 285 914 ab.
314 831 393 900 item
422 832 457 906 iic
481 850 542 915 pro
567 822 584 897 ἕ
608 831 759 918 suscepit
790 827 1069 910 (assentientibus
1099 829 1208 903 Paulo

226 928 501 1018 Heidelbergensi
524 940 559 998 et
579 926 713 997 Griesb.
735 927 770 996 in
790 927 919 998 Comm.
941 948 990 994 cc.
1006 926 1042 996 It
1065 951 1098 1016 p.
1114 936 1209 1008 183).

228 1027 293 1100 Sed
314 1026 542 1096 accusativum
562 1027 612 1096 rei
633 1028 719 1116 regit
739 1027 967 1113 ἅναμιμνιίηυν
992 1035 1006 1094 1
1024 1028 1101 1103 Cor.
1116 1031 1149 1114 4,
1166 1032 1207 1098 17

203 1136 206 1144 ’
228 1137 262 1196 cl
280 1123 561 1219 draptprlmebm
581 1124 694 1198 2001‘.
708 1127 739 1211 7,
756 1129 795 1197 15
815 1125 920 1198 Hebr.
936 1135 986 1212 10,
1001 1131 1052 1202 32,

647 1247 685 1316 0.
708 1249 786 1317 XV.

287 1375 319 1420 vi
337 1361 367 1425 1.
393 1351 505 1422 Verba
523 1345 592 1422 ἔλον
613 1345 650 1424 el
667 1359 810 1451 wilmus
832 1351 947 1419 nescio
970 1373 1012 1419 an
1035 1349 1205 1420 electore

165 1465 167 1470 ’
228 1449 374 1540 quodam
396 1452 534 1542 antiquo
556 1452 591 1518 in
612 1453 762 1542 margine
784 1459 960 1536 annotata,
990 1449 1103 1536 spuria
1127 1450 1206 1518 sint.

227 1547 317 1616 Nam
346 1569 365 1616 e
391 1549 624 1638 pontificibus,
652 1549 862 1617 senatoribus
893 1561 926 1617 et
951 1547 1070 1636 scribis
1099 1559 1209 1618 totum

229 1644 422 1736 synedrium
451 1649 628 1716 constabat
649 1648 697 1729 (c.
717 1648 773 1734 ll,
795 1645 872 1730 53);
901 1645 947 1713 ita
967 1656 1005 1712 ut
1025 1641 1083 1713 illa
1103 1647 1209 1715 verba

229 1743 335 1836 magis
358 1745 626 1815 observationem
649 1743 790 1815 alienam
813 1753 914 1834 qoam
935 1743 1123 1832 appositum
1145 1767 1208 1832 op-

228 1839 411 1932 portunum
433 1865 552 1934 sapere
572 1843 775 1919 viderentur.
810 1846 847 1909 ln
870 1840 992 1909 Matth.
1009 1841 1062 1928 26,
1076 1847 1128 1928 59,
1150 1841 1210 1912 ubi

229 1963 296 2010 una
317 1954 409 2010 certe
430 1963 508 2030 pars
529 1940 678 2025 synedrii
697 1939 869 2028 silebatur,
891 1939 1003 2029 potius
1020 1943 1048 2010 οἱ
1063 1943 1211 2040 dequeo}

228 2040 280 2111 nel
304 2042 333 2108 oi
355 2041 544 2140 mpeessd‘lepet
569 2040 621 2112 nat
644 2037 681 2111 sd
704 2043 850 2140 cmidpur
872 2032 940 2108 ἕλον
962 2037 1076 2107 dicere
1096 2038 1209 2126 licuit,

230 2158 435 2228 quamquam
458 2159 501 2206 ne
521 2137 567 2207 ibi
589 2135 724 2228 quidem
744 2135 910 2205 vocabula
933 2138 985 2209 eal
1008 2139 1037 2206 ol
1062 2140 1207 2238 πμσβύΊι

230 2246 324 2305 certa
350 2245 441 2307 sunt.
481 2235 604 2325 Neque
631 2248 743 2303 tamen
766 2235 837 2315 jam
863 2257 883 2303 a
905 2233 983 2308 cdd.
1006 2236 1208 2304 auctoritate

230 2332 473 2422 recedendum,
494 2331 556 2404 sed
577 2331 619 2401 ad
641 2353 759 2400 eorum
777 2331 957 2404 lectionem
978 2346 1139 2402 accurate
1157 2346 1210 2402 at·

231 2430 436 2500 tendendum
457 2443 521 2504 est.
534 2467 576 2486 -
597 2429 638 2500 lo
660 2428 745 2504 cdl
767 2430 877 2518 reperi
895 2435 984 2509 ῒτὸν
1000 2459 1132 2529 γραμμ.

295 2551 328 2598 v.
351 2539 382 2605 8.
403 2527 531 2611 ,ἀναβάς
558 2551 618 2620 pro
646 2529 810 2608 ἀναβοήσας
843 2529 1033 2598 secundum.
1062 2525 1103 2595 cl.
1133 2550 1208 2599 occ.

233 2627 384 2703 emenda.
419 2627 575 2696 Necdum
595 2627 683 2696 enim
693 2627 822 2716 populo
837 2627 903 2696 luit
917 2628 1013 2716 locus
1028 2625 1210 2708 clamandi,

137 2781 140 2786 .
233 2724 294 2796 sed
315 2725 520 2796 ascendendi
540 2723 582 2794 ad
603 2724 805 2814 pretorium,
826 2737 864 2794 ut
884 2747 946 2815 pro
964 2725 1209 2794 consuetudine

233 2826 347 2913 petere'
363 2824 510 2912 coeperit.
541 2824 686 2892 Verbum
702 2826 865 2906 erectim
877 2845 945 2892 uon
961 2824 1120 2892 convenit
1135 2845 1212 2893 sen-

235 2922 363 3009 tentiae,
391 2922 454 2991 nisi
476 2921 614 3009 credas,
642 2922 787 2992 Pilatum
810 2920 975 2990 dimittere
997 2922 1208 3011 captivorum

236 3039 438 3108 quemquam
459 3018 594 3086 omnino
616 3017 782 3107 noluisse,
803 3019 1029 3108 populumque
1050 3019 1086 3086 id
1102 3041 1208 3108 popo-

235 3116 362 3206 scisse3
390 3134 459 3207 quae
484 3128 595 3185 tamen
618 3116 727 3206 opinio
752 3141 771 3186 a
792 3141 829 3184 re
850 3129 941 3186 esset
966 3115 1088 3186 aliena.
1128 3118 1209 3208 Qua

235 3229 414 3306 postquam
441 3214 659 3302 scripserant,
686 3213 754 3283 vidi
779 3213 919 3284 eandem
941 3213 1210 3304 emendationem

236 3325 271 3382 ct
291 3311 420 3383 Griesb
448 3311 483 3392 in
504 3312 632 3380 Comm.
652 3332 702 3386 cr.
722 3309 759 3381 ll
780 3335 813 3402 p.
836 3319 896 3382 185
916 3333 967 3402 sq.
992 3325 1027 3382 et
1047 3311 1207 3382 Schulzio

234 3409 377 3498 probari.
1018 3438 1038 3498 χ
1137 3457 1139 3462 .

291 3529 325 3581 v.
340 3509 389 3578 tt.
417 3508 616 3606 mpieeo'llpue
637 3527 656 3576 e
674 3506 716 3581 ol.
731 3529 780 3581 or.
800 3509 968 3589 rescribe3
990 3519 1026 3577 et
1039 3509 1210 3578 sententia

235 3617 268 3676 et
288 3604 417 3674 ‘rationi
446 3606 569 3684 critice
599 3605 849 3676 convenientius
881 3619 944 3678 est.
993 3607 1084 3676 Nam
1116 3607 1208 3698 quod
1297 3613 1299 3620 ’

234 3703 384 3790 Griesb.,
406 3703 541 3792 Knapp.
555 3716 590 3772 et
607 3697 747 3774 Vates-'us
762 3709 901 3804 augurale
914 3717 1209 3794 receperunt,·est

235 3799 289 3871 el.
304 3823 337 3891 p.
354 3799 474 3870 Matth.
490 3807 542 3890 27,
556 3807 613 3889 23,
635 3801 724 3871 unde
746 3816 905 3891 preterea
927 3803 1111 3872 eorumdem
1133 3803 1211 3876 odd.
1253 3793 1258 3808 '

232 3899 383 3978 nonnulli
393 3921 565 3990 perperam
575 3891 696 4000 ἔκραζον
705 3913 936 3975 correxerunt.
956 3901 1066 3974 Etiam
1074 3901 1213 3974 Schola.

150 4081 154 4096 ι
234 4010 350 4085 prator
369 4021 468 4068 suum
489 3999 617 4068 morem
638 4000 681 4075 cl.
703 4022 753 4068 or.
775 3997 930 4072 deseruit
