2616 4598
258 321 319 388 280
618 329 621 338 '
919 335 1035 390 tour.
1052 337 1240 394 utranam

323 473 422 547 ull.
453 487 503 538 no
526 473 543 538 1
567 469 640 550 (me
661 463 734 556 ipso
755 466 857 545 teste)
878 469 928 536 13.
944 471 994 536 33.
1009 468 1060 539 69.
1077 472 1138 538 121
1163 492 1241 540 oum

256 565 328 640 aliis
351 565 425 637 cdd.
446 589 517 659 gn,
541 570 649 657 Syrus
666 561 752 632 hier.
776 585 854 631 curn
875 561 916 632 al.
937 561 1012 638 intt.
1034 577 1068 633 et
1093 563 1242 638 Irenaeus
1304 563 1305 568 ’

254 687 316 758 pro
339 660 419 767 0394,
439 662 530 756 quod
553 685 571 732 e
592 685 624 738 v.
638 663 679 734 11
700 673 869 751 arreptum
889 659 1033 747 ridetur,
1054 665 1163 765 lplp4
1182 688 1243 734 ex.

170 799 172 804 ·
254 763 388 850 hibent,
411 761 500 853 quod
523 760 642 852 placet.
678 760 733 830 Sic
753 756 873 828 melius
894 759 1026 828 variant
1048 759 1241 840 dictanda

256 875 290 932 et
303 863 361 951 11,
385 860 603 951 ejusdemque
625 859 674 928 rei
694 857 848 948 repetitio
870 855 1005 926 vitatur.

164 1042 167 1048 ‚
322 983 356 1034 v.
377 959 428 1030 11.
461 957 568 1027 Iidem
589 978 641 1026 nn
666 978 743 1026 cum
772 956 904 1027 duobus
933 955 1005 1024 aliis
1035 952 1114 1030 cdd.
1139 954 1186 1029 It.
1208 969 1242 1024 et

251 1057 326 1152 Vlg.
349 1051 416 1158 cipp
436 1069 513 1146 post
540 1057 652 1132 tanti·
678 1067 770 1126 recte
792 1065 933 1144 ponunt.
974 1053 1238 1142 Transponendi

252 1156 466 1225 occasionem
491 1153 582 1223 dedit
602 1155 683 1225 Luc.
700 1163 756 1243 ta,
773 1154 832 1243 10,
860 1151 950 1222 unde
970 1174 1060 1244 aeque
1081 1151 1238 1223 nonnulli

251 1258 370 1348 φυλακῇ
389 1277 422 1326 ν.
438 1255 489 1332 13,
501 1255 534 1321 in
556 1247 622 1352 cipp
642 1254 827 1322 mutabant.

313 1375 345 1420 v.
359 1355 409 1424 16.
439 1346 498 1428 tile
522 1351 644 1427 noceria
664 1373 683 1420 e
705 1350 747 1425 cl.
770 1370 864 1439 oco,
892 1370 1037 1441 quacum
1058 1347 1144 1416 lacit
1165 1348 1233 1417 Ire-
1304 1427 1305 1434 ἵ

249 1473 350 1540 naus,
371 1462 566 1541 reponatur,
586 1449 748 1538 probante
764 1445 935 1519 Schulzio.
969 1447 1136 1516 lnrersus
1153 1445 1235 1516 ordo
1304 1457 1305 1464 ’

250 1549 312 1618 el.
335 1571 365 1638 p.
388 1549 470 1618 Luc.
493 1555 545 1636 12,
566 1556 618 1619 11.
659 1544 763 1615 Iidem
784 1545 854 1615 lere
883 1544 959 1616 cdd.
985 1567 1062 1614 oum
1085 1544 1233 1638 Origene
1304 1615 1305 1618 ,

249 1668 282 1718 v.
298 1647 337 1714 to
359 1647 444 1714 bene
466 1675 513 1735 pc
528 1647 653 1744 talpa.
666 1639 800 1716 habent.
836 1643 925 1713 Nam
939 1645 956 1713 ὅ
969 1645 1036 1744 rn'p.
1051 1667 1136 1734 pne
1155 1647 1234 1719 Luc.
1304 1683 1305 1732 t

250 1751 311 1834 ta,
331 1748 390 1833 ts,
413 1743 502 1813 unde
522 1741 676 1813 nonnulli
696 1764 791 1834 aeque
812 1733 961 1844 ἴςχιωθαι
983 1743 1230 1814 desumserunt
1304 1737 1305 1768 ¹

217 1944 219 1954 Ι
308 1989 340 2037 v.
354 1965 386 2042 2.
414 1963 516 2066 popul
532 1963 584 2038 tal
598 1968 674 2040 rrlr'lt
691 1966 844 2066 φρόνιμοι,
866 1964 915 2036 ita
929 1981 948 2033 e
962 1964 1001 2033 cl.
1020 1987 1095 2038 oco.
1110 1978 1147 2035 et
1160 1965 1230 2056 plu·

247 2062 340 2133 rimis
367 2064 462 2152 intt.,
490 2067 526 2133 in
554 2065 675 2154 quibus
705 2076 757 2134 est
785 2065 900 2154 Syrus
924 2061 1030 2152 dien,
1059 2064 1229 2134 emendari

248 2175 398 2252 oportet,
427 2162 614 2252 ponderata
642 2166 778 2232 testium
809 2161 980 2254 dignitate.
1024 2161 1138 2230 Facile
1159 2162 1229 2229 fieri

245 2261 372 2352 potuit,
395 2273 432 2330 ut
454 2281 613 2329 censores
635 2261 781 2350 priorem
796 2261 909 2330 locum
922 2259 1148 2351 prudentibus
1163 2263 1229 2330 vir-

244 2361 378 2452 ginibus
408 2357 623 2428 tribuendum
651 2379 728 2429 esse
758 2359 1011 2434 arbitrarentur.
1050 2360 1229 2430 Articulus

244 2458 294 2536 al,
317 2477 416 2547 quem
438 2457 595 2549 Bengel.,
618 2457 750 2529 Griesb.
772 2470 806 2526 et
827 2455 1015 2528 Matthaeius
1037 2472 1118 2549 post
1140 2461 1230 2530 nale

244 2555 288 2626 cl.
305 2577 355 2627 or.
376 2553 625 2643 adjunxerunt,
647 2574 665 2624 e
687 2555 843 2648 contagio
864 2555 1079 2646 procedentis
1103 2557 1230 2626 vocula

244 2654 426 2730 oriebatur.
468 2653 508 2721 In
531 2651 698 2734 ejusmodi
719 2654 822 2724 rebus
845 2653 1026 2745 antiquitas
1048 2652 1147 2746 odd.,
1171 2656 1230 2748 qui

242 2756 279 2823 al
298 2751 473 2844 ignorant,
493 2753 640 2822 maxime
664 2765 717 2822 est
736 2751 931 2844 spectanda.

310 2873 342 2923 v.
357 2857 386 2918 3.
414 2853 536 2920 Parum
557 2864 649 2920 recte
671 2849 772 2944 vulgo
794 2860 911 2920 notata
932 2861 983 2919 est
1003 2848 1106 2920 lectio
1124 2849 1179 2928 cd.
1197 2859 1226 2940 1,

243 2947 302 3040 qui
324 2951 371 3017 ita
390 2947 508 3018 habet:
534 2953 667 3034 λωβᾶται
692 2952 728 3020 dl
751 2951 786 3018 αἱ
809 2945 912 3048 popel
935 2947 1003 3024 τοίς.

303 3067 333 3114 v.
351 3047 380 3115 6.
409 3037 525 3147 ἶςχῦω
547 3060 706 3138 tanquam
728 3045 883 3117 scholion
908 3064 1064 3136 expungo
1072 3090 1084 3130 ,
1107 3057 1226 3114 aucto-

240 3145 339 3213 ritate
356 3141 397 3217 cl.
409 3165 483 3217 occ.
508 3145 600 3214 Male
615 3156 713 3239 urget
724 3143 992 3226 interJectionem
1002 3141 1226 3233 Frttzsctius,

240 3244 297 3332 qni
318 3267 351 3334 p.
367 3245 428 3315 tas
449 3241 499 3314 tnt
515 3246 532 3313 ὅ
547 3245 668 3334 νυμφίος
688 3266 853 3336 sponsum
872 3241 994 3311 adesse
1008 3255 1225 3333 prasentem,

238 3363 307 3408 non
334 3345 618 3436 appropinquare
637 3344 893 3434 interpretatur,
924 3359 993 3432 quo
1015 3339 1139 3410 fortius
1161 3331 1227 3408 no-

240 3450 315 3509 strae
342 3441 535 3528 simpliciori
564 3442 738 3532 scripturae
760 3441 972 3532 obloquatur.
1015 3439 1082 3508 Sed
1104 3441 1156 3512 tat
1174 3439 1225 3510 la-

238 3537 304 3608 tius
327 3550 435 3628 patet,
459 3550 497 3608 ut
517 3539 586 3608 fere
608 3563 671 3610 nos
696 3541 854 3611 dicimus:
883 3563 921 3609 er
940 3541 986 3611 ist
1012 3537 1071 3608 da!

297 3661 331 3706 v.
345 3645 377 3712 9.
402 3638 509 3728 pinli·
526 3639 580 3719 de,
603 3637 695 3728 quod
716 3639 757 3710 ol.
774 3662 847 3710 oco.
868 3639 903 3707 in
924 3641 1004 3729 pler.
1020 3639 1099 3728 ἐμέ
1113 3650 1225 3708 muta-

236 3737 295 3826 vit,
310 3733 378 3803 hoc
390 3755 494 3804 sensu
506 3747 597 3805 recte
612 3736 750 3806 dicitur:
771 3737 812 3806 cf.
823 3740 941 3825 Acte,
950 3737 1224 3824 aottom.11,21.
1304 3791 1305 3816 ,

296 3857 328 3903 ν.
345 3835 393 3902 16.
419 3836 533 3914 Εὐθέως
553 3838 588 3907 ll
608 3837 776 3937 noprvdalr,
801 3835 850 3904 ita
877 3839 970 3902 recte
992 3825 1103 3924 Syrus
1129 3832 1220 3901 bier.
1304 3887 1305 3922 .

235 3951 315 4015 pum
335 3931 470 4009 cdd.1t.
492 3946 525 4002 et
543 3933 619 4011 odd.
634 3943 720 4027 gr.1
743 3931 821 4026 (qui
844 3930 1011 4002 hactenus
1033 3933 1224 4001 oscitanter
1304 3943 1305 3954 ¹

239 4047 423 4120 excussus,
443 4051 485 4102 ac
506 4029 536 4102 si
557 4035 595 4101 rt
616 4032 803 4124 omitteret,
823 4031 1001 4123 perspicue
1022 4025 1116 4097 illam
1133 4026 1217 4099 sori·

1003 4137 1141 4217 pturam
