2616 4598
260 280 324 352 tlt
347 372 354 382 Ι
931 293 979 348 tn
993 293 1047 346 ur.
1060 289 1229 348 primunr

1281 387 1283 416 l

261 456 382 510 remm
398 451 482 508 esse
500 447 642 502 necessa
663 439 764 500 esset
800 422 889 496 Mihi
909 435 1023 496 eutem
1040 422 1231 517 persuadere

264 555 416 626 nequeo,
436 529 646 602 rarissimum
666 523 869 610 adjectivum
890 517 1012 625 ringor,
1033 523 1124 617 quod
1139 521 1233 595 semel

265 645 396 704 tantum
415 631 450 699 in
471 653 504 702 n.
520 627 561 700 T.
582 637 598 698 1
617 625 757 713 Timr,
774 634 790 694 1
813 645 905 714 aeque
926 643 967 692 ac
988 622 1078 714 apud
1093 621 1234 692 Alexan·

265 730 398 800 drinum
420 737 437 798 1
453 723 594 815 Paralip.
608 713 663 812 ⁴29,
675 732 715 795 29
736 721 871 814 legitur,
892 719 1096 795 correctioni
1112 719 1233 789 cuidam

267 825 393 897 deberi.
433 823 508 892 Imo
528 817 718 912 Hesychius
739 813 799 896 der
820 850 848 894 or
868 820 905 889 in
924 818 1047 914 glossis
1069 819 1188 906 habet,
1206 831 1235 887 et

267 945 352 992 voce
373 911 493 1010 {epulor
512 917 679 1008 explicat3
701 929 737 986 ut
751 851 823 991 ni.
840 941 925 988 unus
941 941 960 986 n
975 916 1157 988 lectionem
1171 911 1235 994 irr-

269 1052 317 1124 par
336 1022 465 1106 firmat,
495 1019 597 1088 ceteri
614 1019 767 1100 juniores
788 1017 958 1109 glossema
979 1009 1103 1110 legiler
1125 1016 1236 1086 substi-

269 1130 377 1189 tuunt.
418 1116 454 1186 Si
477 1116 517 1184 ab
538 1115 631 1185 initio
652 1115 798 1215 impilm
824 1117 986 1207 scriptum
1013 1117 1155 1204 fuisset,
1180 1137 1236 1182 non

264 1216 405 1304 dubito,
433 1213 512 1305 qui'u
534 1237 602 1282 non
623 1213 724 1284 modo
747 1209 868 1314 ris-spor,
888 1212 950 1286 sed
970 1235 1014 1285 ue
1035 1205 1158 1300 ἕσχίΙος
1176 1212 1237 1303 ‹pri-
1284 1250 1285 1276 r

270 1313 348 1384 dem
369 1325 575 1400 correctum,
602 1312 663 1382 sed
678 1312 720 1381 ad
734 1313 925 1400 proximum
940 1303 1033 1413 {lepor
1049 1315 1104 1396 (v.
1120 1313 1178 1392 30)
1193 1332 1236 1378 re·
1284 1315 1285 1360 l

270 1434 407 1484 cursum
425 1411 550 1492 fuerit,
574 1410 675 1502 Quod
695 1411 725 1480 si
747 1405 853 1511 ὅςιςος
873 1413 914 1482 ab
937 1410 1028 1479 omni
1046 1423 1145 1500 parte
1159 1433 1237 1479 com·

264 1511 459 1593 -mendatur,
489 1507 572 1576 crdo
596 1509 669 1598 Syri
690 1507 775 1580 hier.
802 1509 991 1600 praeferatur
1018 1530 1164 1579 necesse
1186 1519 1236 1576 est.

267 1610 350 1682 Huc
371 1605 518 1696 accedit,
545 1607 635 1695 quod
657 1606 746 1682 cd.n
769 1605 843 1678 intt.
867 1605 1043 1698 anglosax.
1064 1607 1166 1699 Vulg.
1186 1627 1237 1676 ms.

273 1719 309 1776 et
328 1705 439 1795 plures
460 1704 503 1774 It.
527 1703 624 1792 cdd„
652 1701 728 1775 cdd.
753 1702 840 1794 apud
861 1705 1019 1793 Hieron„
1047 1702 1194 1774 Hilarius
1213 1715 1239 1780 et

265 1806 439 1896 uAugust,
468 1823 671 1892 quemquam
699 1800 873 1894 vulgatum
901 1801 1052 1872 ordinem
1074 1813 1238 1886 tueantur,

276 1903 435 1974 tamenin
449 1900 592 1970 lectione
607 1896 727 1992 ἴσχαῖος
741 1899 957 1989 conveniunt,
975 1898 1131 1990 adeoque
1144 1897 1240 1968 mendi
1285 1905 1286 1994 l

277 2001 402 2091 aliquid
429 2001 567 2070 subesse
588 1999 690 2068 tacite
710 1995 911 2089 significant.
954 1997 1161 2067 Provocavit
1179 1997 1240 2088 qui·
1285 2033 1286 2036 π

276 2097 354 2168 dem
374 2096 598 2184 Hieronymus
626 2117 687 2184 pro
712 2093 857 2164 lectione
877 2099 990 2194 apriles
1011 2093 1056 2186 ad·
1074 2116 1158 2184 sua,
1184 2117 1242 2186 que

276 2219 358 2266 vera
371 2205 565 2283 nuncupat,
588 2191 815 2284 exemplaria3
841 2191 1031 2285 supersedit
1051 2205 1169 2264 autem
1189 2194 1241 2262 ori-

277 2295 389 2388 ginem
411 2294 581 2382 scripture
602 2291 774 2360 contraria
795 2293 1015 2381 perscrutari,
1042 2293 1141 2383 quod
1161 2293 1243 2363 nimi·

278 2415 364 2460 rum·
379 2385 559 2480 antiquitus
582 2389 678 2458 ambo
701 2391 851 2458 membra
872 2390 1077 2480 transposita
1102 2391 1241 2462 fuissene

279 2485 311 2558 li
329 2508 413 2558 sane
434 2475 557 2573 test'es,
577 2485 636 2575 qui
655 2471 774 2577 legatio}
795 2485 937 2576 habent,
959 2486 1066 2556 ordini
1082 2489 1161 2576 Syri
1173 2488 1242 2562 hier.

280 2584 483 2676 patrocinari
505 2582 667 2651 ridentur.
700 2584 865 2678 'Superest
886 2598 1123 2678 argumentum
1144 2609 1243 2656 econ·
1286 2579 1287 2624 ³

280 2696 380 2754 textu
405 2682 554 2772 petitum.
597 2681 780 2750 consuevit
806 2680 896 2750 enim
925 2681 1098 2774 dominus,
1129 2697 1167 2754 ut
1185 2685 1244 2772 ipsa

277 2805 336 2854 res
360 2780 568 2872 postulabat,
591 2779 625 2848 in
647 2778 718 2848 aliis
741 2778 907 2868 parabolis
930 2800 960 2854 e.
973 2801 1006 2874 g.
1027 2779 1069 2850 de
1084 2801 1243 2851 mercena·

282 2878 340 2947 riis
367 2878 485 2962 vineae,
514 2874 556 2944 de
584 2876 654 2945 filio
683 2899 821 2971 peregre
841 2879 994 2968 profecto
1016 2893 1051 2950 et
1070 2881 1116 2950 de
1137 2899 1243 2974 magna

260 3008 263 3018 ·
283 2995 398 3063 coena,
418 2996 494 3043 eum
515 2995 577 3043 seu
597 2995 673 3064 eos,
695 2997 755 3065 per
775 2998 861 3067 quos
882 2999 1040 3067 proceres
1061 2979 1180 3070 populi
1195 2977 1244 3044 he-

282 3070 358 3144 brai
378 3072 659 3165 significarentur,
682 3072 792 3161 priore
813 3071 889 3143 loco
911 3073 1079 3155 collocare
1101 3075 1159 3147 vel
1177 3085 1245 3150 natu

282 3175 429 3256 majores
457 3169 579 3244 facere.
620 3169 758 3241 Politius
787 3169 900 3262 itaque
924 3171 1024 3242 etiam
1043 3169 1102 3242 hic
1122 3173 1153 3244 is
1175 3171 1244 3256 filip-

285 3291 379 3356 rum,
401 3268 459 3358 qui
479 3291 516 3338 se
537 3269 570 3337 in
592 3267 724 3338 vineam
740 3266 906 3337 abiturum
920 3269 1092 3358 professus
1109 3279 1180 3357 est,
1197 3287 1245 3335 ne·

286 3385 352 3457 que
372 3388 453 3435 vcro
475 3367 573 3456 abiit,
594 3365 808 3458 preponitur,
830 3377 868 3433 ut
892 3367 1057 3458 principes
1078 3379 1167 3437 tecte
1185 3384 1245 3456 per·

287 3463 504 3556 stringantur,
527 3465 600 3560 qui,
621 3465 700 3534 licet
719 3461 829 3533 verbis
848 3463 913 3553 pii,
933 3485 1042 3556 neque
1055 3463 1199 3534 Johanni
1211 3459 1245 3529 de

286 3557 417 3631 Messia
442 3561 631 3652 praedicanti
658 3583 768 3654 neque
795 3562 864 3631 suis
887 3559 994 3631 oculis
1016 3559 1189 3631 Christum
1206 3558 1246 3625 vi·

289 3658 442 3728 dentibus
465 3659 677 3730 crediderint.
720 3659 823 3751 Quod
842 3681 923 3729 vero
945 3659 1076 3732 Griesb.
1099 3672 1134 3730 et
1153 3659 1247 3730 Fritz·

260 3840 262 3850 .
288 3753 404 3825 schius
425 3756 550 3845 opinati
569 3769 668 3847 sunt,
688 3769 825 3846 recepta
844 3769 963 3850 nostra
976 3757 1143 3848 scriptura
1157 3767 1247 3826 totam

289 3851 435 3938 perverti
455 3850 665 3942 parabolam,
685 3857 716 3924 si
736 3854 824 3924 enim
844 3855 936 3944 prior
955 3856 1043 3928 lilius
1064 3879 1096 3926 v.
1106 3865 1148 3932 29
1165 3873 1247 3926 suam

290 3948 376 4034 patri
390 3971 527 4041 operam
540 3949 708 4042 pollioitus
724 3963 825 4043 esset,
840 3950 964 4026 nullum
977 3953 1081 4028 fuisse
1094 3952 1246 4024 rationem
