2614 4594
69 335 186 384 css’ll'l'
210 333 276 382 xil.

67 460 181 532 renda
210 472 282 550 est,
312 475 351 530 ut
379 484 408 530 c.
426 469 481 550 13,
497 461 549 537 21.
570 467 629 551 25,
646 471 676 537 1.
719 464 819 556 Quod
848 465 877 534 si
905 477 1060 536 nostrum

66 563 189 631 locum
212 571 308 630 recto
332 559 565 654 intelligimus,
591 559 673 629 nihil
699 563 830 650 obstat,
859 585 926 654 quo
948 565 1057 635 minus

68 658 346 732 emendationem
366 681 469 749 supra
494 659 682 749 expositam
704 659 956 750 amplectamur.

133 815 169 867 r.
183 789 236 864 23⁴.
267 786 289 862 d
304 785 354 870 ἕως
373 795 417 863 ei
436 793 533 892 aperi
553 787 695 882 didiae,
721 790 767 860 ita
789 813 808 860 e
830 791 905 867 cdd.
926 797 992 861 utr.
1014 795 1057 864 ol.

70 889 237 978 emenda3
259 911 404 980 namque
418 890 453 958 in
469 889 614 959 lectione
629 889 759 984 vulgari
774 893 983 980 d-dtoiaiae
997 891 1058 962 ite·
1115 957 1120 966 „

69 1011 150 1058 rum
169 988 279 1055 Lucas
292 993 351 1078 ¹10,
372 993 411 1057 te
433 1007 614 1077 expressus
636 1000 699 1061 est.
740 987 828 1056 Fam.
852 991 933 1078 aisa,
959 988 1058 1060 litera

67 1118 100 1176 μ
120 1083 342 1175 praecedentis
359 1085 549 1183 xapoepredpa
563 1106 639 1153 oum
653 1086 852 1174 pronomine
865 1075 885 1156 ai
899 1086 1056 1175 conflata,

66 1181 115 1273 μὴ
124 1181 321 1278 ,ὀψίης
338 1192 373 1251 et
386 1180 420 1248 in
430 1181 553 1251 Matth.
565 1171 605 1250 'et
619 1185 651 1250 in
668 1181 782 1272 parall.
792 1183 883 1253 Luca
897 1185 1065 1254 correxit:

489 1341 526 1408 c.
549 1339 632 1412 XII.

127 1464 162 1516 v.
176 1447 227 1510 28.
256 1440 568 1532 Transpositionem
584 1441 627 1516 cl.
642 1464 716 1516 occ.
731 1452 756 1516 lv
771 1445 913 1532 mapsa
925 1449 990 1530 eei*
1001 1450 1058 1536 ἔμ’
1110 1433 1116 1440 ’

70 1539 225 1626 Griesb.‚
243 1537 419 1629 Kuappius
431 1539 654 1612 etScholzius
668 1544 927 1634 adoptaverunt,
945 1567 1058 1634 quam·

69 1639 126 1710 vis
154 1638 189 1714 iu
217 1636 384 1720 ejusmodi
410 1639 511 1710 rebus
541 1640 652 1710 minus
682 1640 839 1730 ponderis
867 1640 988 1714 lrabeat
1017 1664 1058 1714 ea

69 1735 206 1825 classis,
227 1759 297 1827 qua
310 1735 391 1822 item
406 1758 439 1807 v.
451 1742 491 1807 27
512 1738 606 1836 apdel
619 1729 728 1816 laoniae
741 1741 824 1828 v‘pdv
840 1741 1057 1829 transposuit.

70 1837 159 1906 Cum
180 1835 220 1906 ab
236 1840 387 1908 Armeno
403 1834 476 1919 Syr.
491 1847 580 1924 post.
596 1834 671 1905 odd.
686 1836 728 1910 lt.
750 1849 784 1904 et
799 1839 979 1909 Ambrosio
1001 1841 1057 1923 lyd

73 1933 210 2006 omuino
234 1931 342 2020 absit,
370 1953 411 2000 eo
432 1937 538 2025 magis
561 1933 712 2015 ejusdem
732 1934 852 2008 classis
876 1936 971 2025 odd,
998 1937 1055 2027 qui

71 2043 300 2122 transponunt
319 2033 390 2118 lyd,
411 2043 575 2119 suspectae
597 2031 675 2102 fidei
694 2047 790 2120 sunt,
812 2034 884 2104 sive
901 2047 1055 2125 transpc-
1146 2065 1155 2072 ·

72 2130 151 2206 sitio
174 2128 410 2240 omissionem,
434 2131 507 2203 sive
529 2129 664 2204 omissio
690 2130 985 2222 transpositionem
1000 2153 1055 2220 pe·

70 2239 210 2322 pererit.

131 2366 164 2412 v.
179 2351 232 2419 29.
259 2343 306 2414 Et
332 2344 388 2414 hic
415 2346 502 2414 etin
525 2348 683 2434 parallelo
704 2349 814 2417 Marc.
831 2355 863 2432 3,
880 2348 920 2418 27
940 2344 1053 2438 plures

69 2453 207 2514 veteres
229 2442 304 2517 edd.
326 2457 393 2519 utr.
416 2443 457 2514 ol.
479 2448 629 2544 ὣαςπὼῃ
656 2447 730 2514 vice
758 2444 928 2514 indicativi
956 2441 1053 2530 enhi-

71 2544 176 2632 bent‚
203 2541 250 2614 ita
277 2555 315 2612 ut
343 2542 505 2614 alterutro
535 2555 625 2612 certe
652 2543 728 2613 loco
750 2543 841 2612 hanc
859 2563 1052 2634 germanam

71 2664 149 2714 esse
170 2645 371 2733 scripturam
395 2652 536 2732 eamque
558 2643 593 2711 iu
610 2641 750 2710 alterum
766 2663 840 2710 osse
857 2639 1053 2710 translatam

71 2739 233 2812 credibile
254 2741 307 2815 sit.
345 2740 412 2810 Sed
425 2739 459 2809 in
476 2741 668 2810 affirmativa
681 2739 833 2807 oratione
848 2737 958 2808 Marci
973 2749 1053 2825 post
1112 2743 1114 2746 ’

70 2839 178 2908 verba
203 2836 250 2908 tals
274 2837 319 2928 pal
342 2844 458 2939 npai'lor
480 2837 531 2912 adn
556 2835 682 2932 loppvpdr
705 2837 774 2928 ‹llio-'p
799 2836 884 2905 ratio
906 2835 1053 2924 postulat

71 2935 260 3006 clausulam
282 2937 470 3026 quandam,
492 2957 559 3026 qua
579 2936 668 3004 facta
690 2933 800 3004 denuo
824 2936 982 3004 affirmare
1002 2933 1052 3002 vi·

69 3034 186 3104 delur:
213 3035 265 3105 aad
285 3033 356 3109 *ro'le
380 3031 432 3106 silv
454 3037 544 3105 alelen
565 3035 641 3112 adid
660 3036 827 3136 denegandae·
871 3035 995 3102 Contra
1015 3032 1051 3102 in

69 3131 246 3202 locutione
261 3131 513 3223 interrogativa,
527 3154 594 3224 qua
608 3155 689 3204 usin
705 3147 758 3204 est
769 3125 910 3217 Maste„
927 3143 1051 3200 utram·

72 3252 141 3322 que
169 3231 275 3322 aptius
304 3231 533 3320 eonnectitur,
559 3244 639 3300 nota
668 3226 895 3319 interrogandi
922 3228 961 3294 in
980 3226 1049 3294 fine

71 3328 249 3400 conunatis
279 3327 416 3400 denium
442 3331 609 3420 apposita:
640 3325 857 3428 ἐάν-ἰσχυρὴ,
884 3325 935 3396 aad
959 3325 1049 3399 vdis-

70 3427 244 3527 θωμάσῃς
277 3425 312 3495 Si
342 3440 513 3518 postrema
545 3430 647 3498 verba
676 3427 720 3498 ad
751 3425 1050 3518 interrogationem

71 3524 336 3614 responderent,
364 3526 558 3606 conjunctio
587 3529 653 3606 ael,
684 3548 753 3616 qua
774 3523 845 3603 jam
872 3522 907 3592 in
927 3523 1050 3590 Marco
1081 3525 1082 3530 ’

73 3621 273 3694 difficultatis
296 3621 450 3694 nonnihil
469 3625 585 3710 affert,
605 3623 712 3716 magis
736 3622 835 3692 etiarn
852 3619 1049 3690 offenderet.

71 3722 183 3814 Igitur
205 3725 234 3792 si
254 3745 324 3792 non
341 3723 484 3809 Marco,
500 3721 666 3792 Matthaeo
689 3734 781 3792 certe
801 3709 1049 3799 subjunctivum

72 3841 151 3892 asse
180 3819 418 3893 uindicandum
444 3842 577 3893 conseo.
618 3819 663 3890 ln
683 3817 783 3888 simili
803 3807 1049 3887 causalitate·

75 3923 127 4001 13,
145 3922 184 3988 15
205 3918 315 3992 Mare.
329 3923 362 4006 l,
378 3927 428 3988 12.
439 3922 485 3994 27,
503 3918 650 3992 studium
667 3908 1050 3994 librariorum'cernitun,

74 4013 336 4102 sulimatum
356 4016 571 4094 indicarimus
583 4012 756 4120 monadia
780 4011 940 4088 Getarum
954 4029 1050 4084 men*
