2616 4598
66 303 312 376 errur‘rnxs
440 371 444 380 ,
546 396 550 403 Ι
978 304 1037 403 269

65 475 289 542 recurramus,
314 453 396 522 adl.
413 476 502 543 pan,
525 453 858 545 undescripturaor.
873 448 1039 544 vulgaris·

65 575 125 642 que
147 553 263 641 perita
296 551 407 621 Multo
429 553 529 643 etiam
553 554 662 624 ,trinus
671 543 876 643 persuadet,
898 574 1038 640 quope-

65 665 116 720 cto
139 650 193 719 vel
218 674 320 740 quam
349 653 392 721 ob
421 674 493 720 rem
516 653 621 720 verba
646 650 783 743 vulgata
804 645 877 726 edelr
901 645 1039 734 dpmbde,

64 754 84 818 εἰ
100 747 142 838 pl
159 746 213 830 εἷς,
229 751 245 818 ὅ
261 751 343 828 θεός,
365 772 437 838 quae
458 752 530 838 ipse
550 762 676 837 tuetur,
696 749 731 818 in
750 745 791 827 sle
807 755 871 828 ἰςιν
886 747 901 816 ὅ
917 744 1040 832 ἀγαθός

66 859 191 915 mutata
212 847 290 918 sint.
334 846 531 917 Ullmannus
553 841 688 938 quidem
710 845 835 926 (theol.
858 844 948 914 sud.
971 843 1040 914 und
1097 926 1102 936 s
1143 873 1145 876 ·

66 943 152 1014 Krit.
173 944 245 1013 121
269 945 366 1016 Fuso.
382 953 397 1012 1
421 967 453 1034 p.
469 948 524 1023 33)
538 947 755 1015 mutationem
771 967 811 1014 eo
826 943 950 1012 factam
964 964 1040 1014 esse

65 1043 208 1132 putavit,
228 1065 271 1111 ne
288 1043 391 1114 Jesus
413 1067 544 1114 sumnra
564 1047 713 1115 bonitate
729 1065 845 1114 carere
860 1042 1040 1114 videretur.
1139 1125 1141 1136 .

67 1140 165 1234 Quod
196 1163 278 1210 vero
312 1142 345 1209 iu
377 1139 472 1210 locis
489 1142 605 1231 parall.
634 1146 801 1212 neminem
830 1141 1041 1210 librariorum

67 1240 149 1308 male
170 1240 303 1328 habuit,
324 1240 358 1308 id
380 1263 449 1308 non
470 1240 618 1333 intelligo
641 1263 702 1308 our
717 1240 754 1310 iu
767 1239 890 1308 Matth.
906 1239 1042 1328 potissi·

66 1361 157 1406 mum
179 1337 374 1428 scrupulum
396 1339 435 1408 iis
458 1340 619 1421 injecerit.
639 1379 682 1394 -
704 1337 798 1410 cut
822 1340 876 1416 (ut
889 1343 928 1418 n)
943 1338 1042 1406 ornit-

66 1443 166 1507 tereo‘
183 1449 261 1506 aute
277 1437 400 1527 ἀφειδές
415 1435 627 1527 deprehendi.
646 1479 682 1492 -
703 1437 866 1506 Preterea
879 1445 961 1510 v.20
975 1437 1042 1523 ied-

67 1533 146 1623 λαξα
165 1535 199 1602 in
221 1534 420 1626 vulgaribus.
438 1534 639 1606 editionibus
659 1533 694 1602 in
715 1536 909 1626 ἰφυλαξοίμην
929 1546 1038 1603 muta·

67 1645 133 1700 tum
163 1645 197 1701 et
223 1640 254 1701 te
277 1631 398 1709 rn‘ln‘lo'e
420 1661 467 1721 pa
494 1632 606 1702 addita
634 1653 711 1704 esse
738 1654 783 1700 ex
804 1634 914 1707 Marc.
936 1641 987 1720 10,
1001 1641 1042 1702 20

66 1729 143 1800 Luc.
166 1739 222 1817 18,
245 1738 284 1798 21
308 1733 463 1820 suspicor
484 1731 535 1814 (v.
556 1731 634 1800 leot.
658 1753 728 1804 var.
751 1731 923 1812 Gricsb.):
951 1729 1042 1800 unde

69 1827 217 1897 nonnulli
239 1827 262 1896 f.
286 1828 345 1896 afr.
369 1830 468 1898 etiarn
489 1830 523 1898 in
543 1830 652 1900 Maro.
674 1826 810 1918 ἐφύλαξα
829 1829 1043 1922 corrigebant

70 1941 166 2016 atque
187 1921 222 1999 τί
233 1917 277 2005 ili
294 1930 394 2026 despui
407 1930 585 2001 addebant.
626 1929 749 2019 Neque
765 1927 960 2018 defuerunt,
982 1926 1041 2019 qui

70 2025 100 2092 in
121 2027 212 2094 Luca
233 2046 252 2094 e
273 2025 397 2102 Matth.
418 2025 553 2116 ἰφύλαξα
573 2027 769 2096 scriberent

125 2147 157 2196 ν.
174 2131 225 2195 19.
252 2122 421 2193 Judiciunr
438 2124 610 2218 Origenis,
634 2129 691 2214 qui
711 2126 814 2196 verba
828 2129 895 2200 aul·
919 2129 1042 2212 dyene.

69 2222 267 2302 nae-molli
289 2223 474 2294 omittenda
495 2224 643 2311 censuit,
663 2223 803 2316 mirifice
825 2224 1043 2292 confirmatur

71 2319 204 2412 adpro
224 2321 331 2412 hier„
359 2325 417 2393 abs
440 2346 508 2415 quo
531 2325 668 2410 absunt,
695 2322 775 2392 licet
796 2321 940 2412 alioquin
962 2343 1043 2390 cum

71 2419 213 2512 Origene
240 2419 353 2491 facere
379 2444 448 2491 non
470 2421 588 2496 soleat.
628 2422 680 2490 Ea
699 2423 733 2490 in
754 2422 841 2492 serie
861 2434 1043 2513 pracepto-

70 2539 158 2606 rum,
189 2540 334 2608 quorum
362 2541 528 2588 summam
550 2519 745 2608 continent,
772 2532 863 2589 certe
886 2532 1044 2608 suspecta

72 2628 100 2684 et
118 2616 264 2686 fortasse
286 2639 305 2687 e
326 2619 424 2686 Rom.
444 2625 529 2706 13,9
551 2639 727 2708 perperam
745 2619 879 2688 invecta
897 2630 987 2693 suut.

123 2756 158 2804 v.
173 2735 214 2801 24
235 2733 324 2801 etin
344 2731 431 2802 locis
453 2756 486 2820 p.
506 2734 614 2802 Marc.
629 2741 680 2821 10,
695 2737 737 2801 25
759 2733 839 2804 Luc.
857 2741 906 2817 18,
921 2738 961 2798 2⁵
984 2752 1043 2799 ve·

71 2839 151 2899 teres
175 2827 251 2901 cdd.
274 2829 361 2900 inter
381 2833 497 2931 poplite
511 2835 639 2902 unser
661 2843 694 2899 et
714 2853 782 2932 pao.
799 2836 934 2909 ειςελθω
954 2849 1059 2899 vari-¹

72 2943 142 3019 aut,
163 2929 213 3004 ita
231 2942 272 2998 ut
292 2928 376 2998 alius
398 2929 465 2997 loci
485 2929 651 3018 scriptura
674 2928 728 2997 alii
748 2929 916 3018 adscripta
934 2928 1044 2998 diver-

70 3027 198 3097 sitatem
225 3028 397 3118 peperisse
424 3027 591 3101 videatur.
630 3029 725 3096 Lucae
751 3029 794 3096 ob
826 3027 961 3096 testium
981 3049 1045 3094 nu·

73 3146 201 3194 merum
224 3139 258 3195 et
278 3127 409 3216 pondus
432 3147 602 3196 consensu
621 3127 768 3194 virorum
790 3127 967 3194 doctorum
990 3128 1044 3201 de-

73 3228 164 3294 ελθεῒν
187 3222 339 3293 debetur.
383 3223 449 3292 Sed
471 3222 629 3292 Matthaeo
651 3245 714 3314 ego
735 3227 863 3293 bauddi
889 3222 1044 3313 vindico,

71 3318 178 3390 invitis
209 3321 343 3393 Griesb.
365 3319 489 3391 Vatero
510 3321 668 3390 Schulzio
697 3333 731 3388 et
755 3318 932 3408 Soholzlo,
959 3321 1044 3392 duas

72 3419 107 3484 ob
129 3441 272 3488 causas:
300 3421 443 3508 primum
472 3417 564 3507 quod
586 3441 630 3486 ex
647 3419 690 3487 iis
712 3417 940 3507 documentis,
970 3443 1044 3510 quaa

72 3520 175 3592 εἰςιλθ.
190 3519 347 3607 praebent,
361 3515 457 3605 plura
466 3520 557 3596 (cunr
570 3522 599 3582 4.
609 3519 680 3588 157.
688 3523 760 3589 238.
768 3521 829 3585 262
844 3541 896 3607 ap.
908 3517 1043 3586 Schola.

72 3629 99 3683 et
119 3617 240 3709 Orig.)
261 3616 449 3716 eguvlpa'loe
469 3612 655 3682 secuudum
676 3614 786 3684 Maro.
809 3629 843 3683 et
862 3617 987 3684 Lucam
1009 3614 1044 3682 in

72 3718 245 3810 epopeus&
265 3723 452 3801 mutarunt,
476 3710 628 3804 adeoque
649 3712 682 3780 in
704 3712 808 3782 altera
828 3713 971 3784 lectione
986 3735 1044 3781 eo-

73 3811 210 3880 nudem
240 3810 422 3879 auctoritas
448 3821 606 3897 suspecta
632 3821 704 3896 est3
733 3811 851 3880 deinde
880 3811 972 3901 quod
999 3834 1045 3879 cx

74 3901 186 3977 iisdem
209 3906 371 3977 nonnulla
387 3909 429 3990 (L
445 3917 475 3981 1.
490 3912 541 3980 61.
558 3911 617 3979 157
631 3909 792 3998 August)
807 3911 975 3996 posterius
990 3915 1045 3989 εἰς.

66 4011 163 4077 Ὶ«1θῶ
185 4008 392 4098 omiserunt,
412 4004 556 4098 ideoque
577 4010 685 4084 ιίςιλθ.
708 4007 742 4076 in
765 4007 908 4101 antiquis
928 4030 1068 4104 exem2
1157 4069 1162 4080 .
