2614 4594
73 310 185 362 carun
206 313 232 360 r.
1005 296 1065 366 ru

73 453 171 510 recte
194 439 402 529 procedunt3
421 446 475 512 sin
497 463 575 516 erun
595 441 810 516 Griesbachii·
822 443 951 518 comm.
968 465 1016 520 cr.
1031 467 1065 535 p.

74 547 115 609 11
141 559 260 606 eorum
283 539 514 610 testimonium
533 553 693 632 tauquam
716 543 866 614 censoris
881 543 1067 617 correotio÷

71 659 153 710 uem
168 637 350 726 spreveris,
367 637 426 708 tibi
440 636 564 724 habeto
580 637 782 734 genealogiae
796 640 973 735 veritatem
988 663 1065 711 cor-

71 748 212 825 ruptam
234 736 455 828 mutilnmque
477 736 686 809 Matthaeum.

135 858 168 903 v.
188 841 240 908 ts.
261 839 403 923 pirrum,
425 835 517 926 quod
537 835 667 928 Griesb.
691 848 725 904 et
741 835 886 908 Vaterus
903 839 1064 929 pauculo-

71 957 148 1002 rum
180 931 257 1002 cdd.
287 935 487 1004 auctoritate
508 935 587 1004 freti
608 936 644 1005 in
663 941 769 1022 pluere
790 951 981 1027 mutarunt,
1011 963 1065 1010 re-

71 1042 233 1120 ponatur,
267 1030 347 1120 lpse
371 1033 461 1102 enim
475 1033 694 1124 Evangelista
712 1036 800 1103 iuter
814 1059 921 1128 genus
938 1037 1063 1119 Christi

71 1134 217 1216 (posen)
239 1137 306 1206 ν.1
330 1141 363 1198 et
384 1128 471 1220 inter
494 1131 565 1212 ejus
580 1133 791 1202 nativitatem
808 1139 967 1222 (ylrvncrv)
981 1145 1063 1206 nte
1096 1207 1098 1212 .

72 1231 259 1300 discrimen
279 1242 427 1299 statuere
451 1230 604 1320 videtur,
628 1253 725 1323 aeque
748 1255 788 1302 ac
810 1231 964 1302 scholion
987 1233 1063 1305 Ori-

70 1330 193 1424 genis,
216 1328 273 1421 qui
295 1327 419 1402 diserte
442 1326 476 1403 h.
491 1327 514 1398 l.
536 1335 615 1416 plor.
628 1329 750 1414 habet,
772 1329 941 1400 aGriesb.
955 1330 1061 1402 literis

71 1428 280 1506 mandatum.
313 1427 419 1496 Video
436 1450 571 1520 quoque
587 1430 672 1504 Dav.
687 1428 905 1517 Schulzium,
928 1430 985 1521 qui
999 1453 1062 1498 nu-

70 1551 133 1617 per
161 1527 344 1596 editionem
373 1525 506 1604 Griesb.
536 1527 673 1606 tertium
704 1527 853 1616 curavit,
883 1539 918 1595 et
945 1526 1062 1598 hicet

71 1627 259 1715 Luc.1,1t
280 1629 393 1712 ptrvne.
416 1626 531 1694 tueri*
616 1699 619 1706 ,

135 1863 169 1910 ν.
183 1849 213 1915 9.
245 1841 428 1930 Perperam
450 1837 536 1912 cd.1
561 1861 622 1928 pro
644 1837 787 1906 lectione
807 1829 867 1916 te„
881 1839 983 1932 vulgo
1000 1861 1061 1908 ex.-

73 1940 212 2020 citatum
235 1936 304 2006 imo
327 1936 436 2026 reperi
457 1935 491 2004 iu
507 1957 547 2005 eo
562 1937 684 2019 ἒςνίθν,
704 1937 796 2029 quod
812 1937 913 2008 estin
928 1937 971 2016 cl.
986 1960 1061 2016 oco.

72 2054 107 2108 et
130 2045 183 2112 31.
1124 2053 1125 2060 ’

133 2161 167 2211 ν.
185 2138 234 2206 17.
256 2159 329 2226 cap.
352 2145 385 2226 3,
405 2145 437 2211 3.
469 2134 658 2226 Utrobique
679 2135 722 2211 cl.
744 2157 818 2208 ooo.
839 2137 892 2209 ne
915 2159 977 2227 pro
1002 2133 1062 2218 ὑπό

70 2233 192 2324 habet,
211 2248 246 2304 et
260 2236 392 2308 Griesb.
406 2236 442 2303 in
457 2236 585 2305 Comm.
602 2257 650 2306 er.
666 2257 698 2324 p.
708 2243 747 2303 22
762 2235 961 2314 Matthaeum
977 2256 1060 2302 con-

70 2348 201 2406 stanter
220 2334 414 2416 (undecies)
429 2332 609 2404 formulam
622 2332 675 2402 lid
690 2342 732 2405 νῦ
750 2333 886 2432 agapitis
898 2333 1074 2424 frequeu-.

72 2448 149 2502 tare
178 2432 298 2521 docet,
325 2455 428 2522 quam
454 2431 564 2520 ipsam
590 2431 746 2502 librarios
774 2431 971 2504 recordatos
1001 2431 1060 2501 hic

71 2530 247 2600 invexisse
290 2532 425 2600 incusat
466 2527 674 2600 Fritzsohins
716 2533 751 2600 iu
785 2530 911 2600 Matth.
945 2552 977 2620 p.
1007 2535 1059 2603 94.

72 2629 140 2700 Sed
170 2631 244 2698 veri
272 2628 411 2700 similior
440 2626 589 2718 suspicio
616 2641 687 2715 est,
714 2629 766 2699 lid
784 2627 820 2696 iu
841 2630 902 2700 ὑπό
922 2640 1059 2716 propter

70 2751 170 2798 usum
196 2726 370 2819 vulgarem
393 2749 494 2817 quam
515 2728 576 2798 1πό
591 2729 625 2794 in
644 2727 697 2794 lid
716 2737 855 2814 propter
876 2737 1058 2794 cousuetu-

72 2827 186 2894 dinem
199 2825 324 2895 Matth.
341 2825 559 2913 depravatum
576 2844 662 2894 esse.
698 2822 858 2890 Scholion
877 2822 911 2889 iu
927 2843 949 2888 u
968 2822 1059 2893 aliis-

71 2945 138 3015 que
166 2922 304 2993 obvium
333 2921 390 2991 riori
417 2926 459 2994 τὲ
479 2922 565 3021 nupia
585 2920 637 2993 hel
653 2921 775 3022 ‘laptula
795 2920 930 3009 dubito,
958 2944 1001 2990 an
1021 2921 1058 2988 in

69 3035 205 3092 textum
233 3021 424 3112 irrepserit,
451 3021 517 3106 nisi
544 3017 686 3120 dulim.
715 3019 868 3108 primitus'
894 3017 1058 3107 scriptum

68 3122 170 3190 foret.
209 3121 261 3189 Ea
281 3142 362 3188 vero
383 3117 501 3207 lectio,
523 3143 594 3211 qua
609 3119 740 3189 scholio
756 3140 855 3210 egere
869 3118 1055 3204 videbatur,

70 3239 160 3290 vera
183 3239 259 3288 esse
287 3218 396 3307 solet,
426 3240 534 3309 eaque
564 3217 724 3286 schulzio
754 3237 889 3306 quoque
916 3213 1058 3304 probata

70 3329 134 3388 est.
172 3315 330 3387 Similiter
351 3337 380 3384 c.
398 3325 450 3402 21,
467 3318 487 3386 1
508 3311 561 3383 aa
576 3322 618 3384 τῦ
634 3343 727 3414 agap.
744 3313 779 3383 iu
796 3312 855 3386 duo*
867 3345 900 3384 τ.
914 3343 970 3415 ap·
985 3331 1058 3382 cor-

69 3428 205 3484 rectum
227 3415 267 3496 in¹
284 3437 333 3483 cz
356 3423 405 3484 13.
423 3417 474 3489 69.
490 3415 559 3483 121.

131 3535 165 3580 v.
182 3522 231 3582 18.
260 3520 371 3612 θρῆνος
393 3514 446 3586 καί
464 3533 527 3582 seu
547 3511 701 3582 scholion
723 3511 767 3582 ad
786 3513 964 3602 κλαυθμὸς,
985 3512 1059 3582 slve

69 3632 118 3679 ex
146 3611 248 3696 LXX
276 3625 490 3698 assumtum,
522 3611 674 3693 ejiciatur
705 3611 895 3681 seeundum
922 3611 1058 3700 Syrum

67 3709 219 3796 hieros,
240 3709 311 3778 fere
334 3733 450 3780 omncs
471 3711 545 3782 intt.
568 3721 603 3778 et
625 3707 701 3783 cdd.
722 3730 852 3800 graecos
874 3729 926 3775 srr
949 3716 979 3779 1.
999 3715 1057 3794 22,

68 3808 114 3876 ad
136 3829 224 3898 quos
247 3803 781 3882 cod.DubliucusiszseeuliV1
801 3805 940 3876 accedit.
975 3802 1008 3872 N
1013 3827 1056 3872 on
1139 3853 1140 3860 ν

69 3906 162 3974 enim
183 3905 311 3980 Matth.
333 3905 405 3994 ipse
426 3906 501 3975 iutt.
523 3903 696 3976 alexandr.
712 3903 898 3992 expressit,
919 3901 977 3994 qui
997 3925 1058 3986 pp.

68 3999 103 4074 rii
112 4005 262 4106 --dpn'ra
277 4002 329 4084 aul
343 4008 499 4092 κλινθμὲ
512 4001 564 4075 rai
574 4003 699 4105 o'llrgpnss
711 4001 855 4090 habonl',
874 4021 984 4096 nequo
998 4000 1057 4072 ulli
