2616 4598
97 323 208 372 orror
228 321 304 371 vrit.
1027 303 1086 368 828

96 471 181 520 saue
197 446 396 520 auctoritate
413 450 486 524 iott.
500 451 572 536 Syr.
585 458 648 519 utr.
661 451 755 520 Pers.
768 449 904 519 Eusebii
917 463 951 520 et
962 450 1083 540 Epiph.

96 564 133 617 et
155 548 232 622 cdd.
254 571 304 639 gr.
329 569 414 618 scut
437 557 477 618 22
507 548 717 630 aliorumque
746 546 922 618 duodecim
945 562 978 618 et
1000 571 1083 638 quo·

94 648 243 718 rundam
265 647 353 736 apud
376 647 560 742 Origeuem
580 644 729 746 fulcitur.
816 649 817 654 ’

162 787 292 856 Ibidem
312 783 451 887 όνἹόωερω
473 809 491 856 e
512 785 664 877 pluribus
687 785 762 856 odd.
778 800 842 856 utr.
859 775 1080 878 adprobante

97 888 233 957 Griesb.
257 886 416 957 rescribe.
451 885 631 976 Reperitur
653 885 740 953 enim
755 883 789 953 in
804 885 964 976 Hesychii
981 887 1082 957 Glos-

94 987 165 1073 sis,
197 999 230 1054 et
258 984 500 1075 propositionis
527 983 604 1052 loco
622 982 786 1071 ponitur,
822 1006 898 1052 curn
927 983 1081 1084 όνΊνωόρων

95 1085 211 1174 potius
234 1083 429 1152 adverbium
447 1083 516 1176 sit,
533 1079 727 1171 aPhiIone,
749 1081 911 1172 Josepho,
934 1081 1081 1151 Diodoro

94 1183 163 1252 Sic.
189 1194 222 1250 et
242 1179 453 1272 Apollodoro
475 1193 688 1269 usurpatum:
712 1203 744 1255 v.
768 1179 981 1285 schleusner.
998 1181 1080 1252 Lex.
1185 1257 1187 1272 1

94 1281 258 1367 ipen.
687 1309 688 1316 ¹

160 1415 260 1486 v.27·
290 1412 340 1484 aori
357 1414 458 1515 χρόνῳ
477 1418 567 1502 ἱκανῷ
584 1417 720 1505 iudicor,
741 1417 787 1486 ita
807 1418 839 1484 in
863 1417 962 1492 fiafr.
981 1419 1080 1500 (Bti
1143 1484 1147 1492 ,

94 1521 150 1584 33.
168 1519 244 1600 131,
267 1515 323 1604 qui
346 1526 458 1585 tamen
479 1523 583 1603 pomp
604 1514 707 1583 habet
727 1537 788 1602 pro
810 1518 916 1606 insted,
940 1516 1025 1597 157)
1049 1525 1083 1584 et

15 1615 18 1620 ’
95 1613 184 1694 Syro
207 1609 307 1696 hier„
331 1625 448 1681 contra
468 1614 502 1681 in
522 1613 564 1684 ci.
580 1636 627 1681 or.
643 1620 674 1684 ἓν
690 1615 802 1712 χρόνων
822 1617 935 1694 ἱκανόν,
957 1616 1009 1683 nai
1021 1635 1082 1681 ex-

95 1722 176 1780 stat,
219 1709 329 1805 Quam
352 1710 631 1801 discrepantiam,
653 1734 753 1780 nemo
777 1713 859 1801 erit,
881 1713 961 1802 quin
976 1712 1081 1780 fatea-

96 1823 172 1895 tur,
200 1829 220 1876 a
240 1805 486 1896 permutatione
507 1809 745 1900 particularum
767 1818 797 1880 ἐν
820 1815 895 1908 etr,
917 1810 1080 1902 originem

97 1907 251 1996 cepisse,
274 1907 396 2000 quibus
419 1907 599 1997 aliquando
621 1908 818 1998 permutatis
840 1921 954 1976 cetera
968 1927 1081 1996 corre·

96 2008 167 2075 ctio
195 2005 354 2093 deinceps
385 2005 504 2076 deesse
534 2029 602 2076 non
629 2019 772 2096 poterat
812 2006 880 2076 sed
909 2003 1081 2096 quaritur,

96 2119 211 2174 utrum
231 2105 253 2173 f.
279 2103 340 2172 afr.
363 2117 565 2195 properante
586 2127 688 2172 manu
708 2112 738 2172 ἑν
765 2127 824 2193 pro
850 2107 913 2184 κωό,
942 2126 984 2172 an
1006 2103 1081 2172 vice

98 2226 200 2274 versa
221 2202 263 2277 cl.
286 2227 334 2272 or.
358 2205 410 2272 ωωό
424 2226 485 2292 pro
504 2209 535 2272 ἐν
556 2204 735 2291 acceperit.
779 2203 895 2271 Tertia
915 2201 1081 2288 scriptura

96 2302 151 2372 od.
166 2313 207 2370 nt
227 2299 288 2372 set
304 2302 414 2399 χρόνων
432 2303 548 2382 όωωνὶόν,
566 2295 597 2378 ός
615 2302 737 2391 ipsiius
752 2301 794 2370 ad
810 2323 880 2368 rem
896 2291 1098 2380 dijudican'

97 2403 178 2470 dam
204 2401 351 2468 multum
376 2399 465 2468 facit.
508 2399 691 2468 Manifesta
716 2400 791 2470 hac
816 2410 868 2466 est
896 2395 1079 2482 correctio,

98 2499 209 2592 qualis
232 2521 300 2566 non
321 2496 411 2566 facto
431 2497 537 2588 foret,
560 2499 589 2566 si
611 2519 733 2566 censor
752 2499 803 2568 zai
818 2499 917 2596 χρόνῳ
936 2498 1025 2582 imo&
1045 2495 1101 2562 in·

98 2596 285 2688 exemplari
306 2619 367 2665 suo
389 2595 538 2688 legisset.
576 2595 642 2665 Sed
661 2596 845 2690 genitivum
859 2597 972 2695 χρόνων
988 2595 1032 2664 όν.
1047 2605 1081 2660 et

97 2720 159 2790 pro
181 2697 301 2766 ἐν-νωό
320 2697 485 2784 reperisse
506 2693 656 2783 videtur,
682 2718 752 2785 quae
772 2715 826 2762 res
848 2715 927 2760 eum
946 2711 1079 2782 permo-

98 2816 178 2863 vere
206 2793 338 2883 debuit,
370 2806 407 2862 ut
432 2791 494 2863 dod
518 2794 632 2891 χρόνων
658 2796 700 2861 όν.
731 2792 922 2882 corrigeret.
966 2788 1080 2880 Quare

98 2914 203 2982 prope
226 2891 326 2960 fidem
350 2887 500 2978 accedit,
522 2892 556 2958 in
578 2887 761 2979 archetypo
784 2889 825 2960 cl.
842 2909 915 2959 oco.
934 2891 1080 2956 oscitan-

97 3005 150 3060 ter
172 2989 223 3063 νωό
247 2989 359 3088 χρόνων
386 2992 427 3059 όν.
442 2991 503 3072 Ινωό
521 2989 727 3080 descriptum
749 2987 871 3074 fuisse,
900 2983 990 3076 quod
1012 2983 1080 3052 sin-

95 3088 170 3182 guli
191 3109 350 3158 censores
373 3089 433 3157 afr.
457 3101 491 3156 et
511 3087 633 3157 latinus
657 3084 721 3154 alio
743 3084 842 3152 modo
868 3105 911 3152 ex
933 3082 1079 3174 ingenio,

98 3186 278 3255 deficiente
306 3185 490 3276 exemplari
512 3209 580 3274 ou,
609 3183 800 3254 correxisse
824 3181 996 3265 videntur,
1023 3175 1078 3244 ilie

97 3283 286 3378 genitivum
316 3287 349 3352 in
376 3284 524 3354 dativum
544 3280 703 3352 mutando
726 3293 760 3348 et
781 3282 833 3348 κωό
855 3291 933 3347 ante
959 3273 1077 3364 όμωόόων

99 3379 324 3471 obliterando,
345 3379 598 3472 hic'utrumque
622 3382 675 3450 ωωό
694 3377 913 3467 immutando,
935 3375 1026 3466 prius
1044 3374 1077 3445 in
1117 3395 1121 3404 ·

96 3481 164 3548 όπό
183 3491 222 3548 et*
236 3481 405 3568 posterius
428 3479 461 3546 in
483 3475 521 3558 ός.
605 3478 606 3483 ’
734 3501 737 3504 ·
973 3555 975 3560 ,

162 3641 193 3686 ν.
209 3625 261 3691 28.
289 3620 341 3688 ναί
359 3632 437 3688 onte
456 3617 628 3719 -όνωνρόξω
650 3642 670 3690 a
690 3621 714 3686 f.
737 3623 796 3688 afr.
820 3630 853 3687 et
874 3618 945 3684 inst
967 3613 1089 3702 latinis

99 3716 266 3788 omissum
289 3715 467 3785 admodum
489 3729 682 3805 suspectum
699 3728 765 3784 est:
787 3714 863 3784 alibi
879 3715 932 3784 κωό
943 3710 1079 3800 partici-

96 3817 165 3903 piis
187 3815 272 3882 maie
294 3815 765 3888 assutum-csse'monuimus.
786 3852 827 3868 -
851 3811 981 3880 Ibidem
1002 3811 1079 3880 ἰννέ

101 3928 136 3981 et
158 3919 199 3984 eti
215 3921 273 3982 θεὲ
295 3936 313 3980 e
334 3912 355 3980 l.
373 3936 405 4002 p.
422 3914 528 3982 Marc.
546 3917 609 3999 537
633 3915 783 3999 invecta,
804 3922 895 3978 reete
918 3909 1037 3976 absunt
1059 3928 1078 3979 a

99 4033 123 4078 n
144 4019 159 4077 1
184 4011 336 4100 aliisque.
