2616 4598
87 335 200 382 CAPUT,
220 332 271 381 xt.

85 464 263 552 ἐνοίγνυμι,
292 463 390 556 nujus
419 464 552 556 generis
581 465 686 534 verba
714 465 748 533 in
770 465 919 536 seormdo
948 470 1075 540 aoristo

85 561 157 628 virn
180 574 337 630 neutram
359 561 486 632 habere
507 563 627 632 solent.

150 681 185 733 v.
201 667 250 727 13.
271 653 452 731 *Artioul‘us
472 666 502 742 ὁ,
524 663 582 753 qui
604 685 624 732 a
645 661 816 734 nonnullis
839 665 978 736 testibus
1001 691 1073 742 ooo.

83 772 151 826 utr.
176 758 255 827 fam.
278 760 343 842 (tx
357 763 398 829 33
420 761 462 833 al.
485 764 582 850 Oopt.
599 761 778 852 vulg.1a)
799 765 913 853 abest,
935 788 1071 857 vereor,

85 880 129 924 ue
152 879 199 924 ex
221 857 346 927 Matth.
369 863 457 945 t,11
482 860 595 930 illatus
618 860 681 946 sit,
712 881 788 930 oum
809 885 896 933 unus
919 885 938 932 e
959 865 1074 956 Mosq.

86 971 122 1024 ot
136 957 364 1045 Hieronymus
387 960 490 1027 etiam
512 958 649 1047 propius
669 956 771 1039 hujus
789 960 919 1054 Evang.
932 965 1081 1059 vestigia,

84 1056 292 1144 presserint,
319 1060 336 1129 ὁ
361 1064 386 1128 ἐν
412 1063 475 1134 τοῖς
500 1060 617 1158 a'puvoir
644 1056 853 1129 exhibentes.
902 1061 1032 1130 Pariter
1046 1085 1075 1131 a

85 1153 165 1225 odd.
188 1176 271 1222 mox
293 1157 399 1224 verba
420 1155 575 1224 Matthaei
601 1157 684 1225 Mora
707 1157 825 1240 ἀγαθά
850 1159 944 1226 vario
971 1159 1072 1228 modo

84 1255 121 1320 in
146 1255 274 1322 Luoanr
297 1252 460 1324 translata
481 1267 570 1324 sunt.

148 1375 182 1424 v.
200 1357 249 1420 at.
273 1344 307 1424 ἓν
321 1353 408 1421 absit
423 1351 623 1422 auctoritate
639 1352 763 1424 closo.
787 1353 1073 1444 NamqueMatth.

84 1453 118 1538 6,
131 1459 172 1518 22
187 1473 240 1540 sq.
256 1450 299 1520 ad
314 1451 524 1542 augendum,
546 1451 766 1522 minuendum
780 1464 814 1520 et
827 1453 1074 1522 immutandum

85 1571 279 1618 sermonem
300 1551 395 1618 Lucae
422 1551 513 1618 varie
536 1548 703 1619 adbibitus
727 1562 798 1619 est:
826 1552 880 1620 ael
902 1563 981 1620 ante
1004 1545 1072 1623 ἕλον

86 1647 323 1735 omittebatur,
352 1655 418 1726 ἰςιν
441 1648 475 1716 in
500 1640 575 1728 ἕςω
601 1649 813 1736 mutabatur,
840 1641 908 1720 ἕλον
934 1660 1020 1718 ante·
1036 1648 1073 1720 ro*

84 1748 176 1836 σὸμαί
191 1775 229 1816 aa
245 1743 380 1839 roolenis
403 1759 437 1815 et
457 1760 577 1837 postea
597 1737 673 1822 ἕς-ια
694 1746 891 1832 addebatur,
913 1757 946 1814 et
965 1747 1002 1815 in
1021 1746 1074 1815 lo-

85 1867 167 1913 cum
186 1847 512 1914 communitates
533 1848 557 1914 n’
573 1837 606 1916 riv
621 1843 660 1915 ‘rd
675 1849 733 1934 φός
748 1842 786 1916 ‘rd
802 1851 827 1914 ἓν
845 1843 890 1916 coi
906 1845 1022 1923 ono'loc,
1037 1843 1074 1918 'rd

85 1942 187 2021 oro'lor
210 1945 301 2016 olom
328 1945 606 2017 substituebatur.
649 1943 727 2036 Qua
753 1945 883 2012 ratione
905 1944 1073 2032 adducor,

87 2054 127 2109 ut
142 2044 183 2109 ab
198 2042 317 2110 eadem
332 2042 443 2112 alasse
467 2043 602 2111 testium
621 2070 660 2111 aa
677 2055 756 2112 ante
773 2035 859 2121 liar,
879 2043 971 2134 quod
985 2043 1073 2113 Mat·
1121 2045 1125 2057 ’

87 2137 164 2206 thaei
183 2162 286 2208 nausa
308 2141 409 2232 vulgo
434 2139 616 2227 omittitur,
637 2153 731 2210 reete
753 2139 853 2223 adjici
875 2163 1043 2216 censeam.

149 2277 181 2328 v.
197 2256 248 2328 36.
277 2255 329 2324 Ob
352 2279 491 2345 pravam
512 2255 818 2344 interpunctionem
833 2255 998 2324 sententia
1014 2269 1071 2324 aut

83 2351 178 2422 nulla
200 2367 257 2422 aut
278 2355 401 2423 misera
422 2353 498 2422 elici
520 2367 645 2443 potest.
688 2356 778 2423 Nam
800 2354 881 2444 quid
902 2353 1019 2429 istud?
1043 2356 1072 2424 si

87 2474 212 2540 corpus
229 2465 337 2520 totum
354 2451 504 2520 lucidum
519 2453 630 2540 luerit,
645 2452 679 2520 id
694 2453 767 2519 fore
782 2450 930 2521 lucidum
945 2466 1069 2533 totum;

87 2563 122 2619 et
142 2572 304 2640 quorsum
327 2555 390 2619 ista
412 2549 574 2632 adjeotio:
597 2575 667 2620 non
688 2551 817 2622 habens
834 2552 980 2644 aliquam
994 2577 1071 2643 par-

86 2665 156 2720 tem
185 2653 421 2745 tenebrosam?
453 2651 527 2720 Imo
555 2646 627 2723 ἕλον
644 2663 679 2720 et
695 2657 787 2753 piper
807 2663 845 2720 nt
864 2650 997 2738 verbis,
1025 2651 1072 2718 ita

85 2772 123 2818 re
153 2750 277 2839 opponi
308 2762 489 2838 oporteret.
533 2748 647 2841 Quare
675 2773 746 2816 non
776 2749 899 2837 miror,
927 2748 1070 2818 afilat.
1139 2831 1142 2836 Δ
1191 2828 1196 2838 1

87 2873 118 2922 ν.
134 2851 177 2919 36
199 2861 238 2917 ut
258 2848 424 2918 insulsum
445 2848 626 2934 omissum,
647 2859 681 2916 et
694 2846 851 2917 lacunam
867 2845 1023 2918 oMatth.
1039 2849 1071 2934 6,

83 2953 128 3016 -23
149 2946 321 3036 expletam
341 2945 457 3016 fuisse.
499 2945 576 3015 Sine
597 2944 668 3014 ulla
690 2946 895 3033 mutatione,
925 2943 999 3014 sola
1019 2944 1071 3012 iu·

86 3046 322 3134 terpunotione
350 3044 546 3128 emendata,
575 3055 614 3112 ut
636 3042 1070 3134 jampridem-proponeba7

85 3156 159 3231 tur,
189 3144 297 3210 oratio
326 3156 418 3212 recte
445 3143 492 3214 ita
513 3164 551 3211 se
572 3141 724 3216 habebit:
754 3146 777 3210 εἰ
802 3133 835 3215 ἓν
859 3140 897 3212 τὲ
920 3142 1011 3229 abiud
1034 3171 1072 3212 oa

85 3237 173 3322 ἕλον,
197 3240 320 3324 bolorda
340 3239 385 3332 pi
404 3233 474 3333 ἕχον
492 3273 524 3312 τι
542 3249 647 3342 μέρος,
672 3238 824 3317 caelando,
848 3229 923 3317 ἕςαι
948 3236 1070 3320 oeterni

83 3337 157 3414 ὅλον
173 3371 203 3408 κ.
218 3371 250 3411 τ.
266 3360 299 3410 λ.
315 3353 424 3410 totum
439 3362 563 3430 eorpus
580 3342 783 3424 obscurum,
801 3335 892 3427 quod
905 3334 1073 3426 particula

83 3437 201 3509 lueida
229 3451 360 3526 careat,
388 3438 544 3528 idemque
572 3450 680 3506 totum
703 3434 905 3523 illustratur,
934 3432 1069 3524 quando

85 3536 187 3629 quasi
209 3535 322 3604 lumen
342 3534 517 3627 fulgurans
535 3549 569 3605 te
584 3534 740 3606 illustret
777 3532 944 3604 Nimirum
957 3531 1072 3600 Evan-
1099 3556 1102 3561 ·

84 3635 210 3730 gelista
224 3633 515 3707 demonstraturus
532 3644 602 3721 est,
620 3633 734 3700 lumen
749 3631 937 3716 internum,
953 3651 1072 3718 quarn·

84 3733 141 3802 vis
164 3754 218 3800 res
239 3754 343 3822 parva
364 3753 439 3801 esse
461 3729 629 3818 videatur,
647 3743 760 3800 tamen
781 3729 889 3798 instar
904 3725 994 3796 oouli
1009 3747 1072 3796 seu

85 3831 235 3898 lucernae
257 3829 420 3900 radiantis
443 3829 707 3898 efficacissimum
729 3849 804 3898 esse
825 3839 860 3895 et
881 3823 1071 3908 totumho·

86 3929 214 3997 minem
238 3941 296 3996 aut
316 3926 500 4016 illustrare,
529 3937 588 3996 aut
609 3949 688 3996 oum
710 3926 814 4016 absit,
840 3923 985 3994 eundern
1006 3943 1072 3991 oae-

89 4049 169 4100 cum
196 4026 395 4116 relinquere.
446 4025 660 4117 Quapropter
690 4043 792 4114 caue,
820 4023 947 4115 inquit,
978 4020 1071 4094 iilam
