2608 4582
1044 305 1084 375 lb

92 460 277 550 lectiones,
297 459 492 556 vagabatur.
535 459 663 530 Contra
676 458 713 529 in
724 455 870 531 classem
883 457 1083 532 orientalem

95 560 212 650 potius
233 559 312 630 vitia
339 583 384 636 ex
407 560 597 654 ignorantia
619 571 700 628 nata
715 559 862 648 cadunt,
884 581 928 629 ex
950 561 1083 632 ratione

92 657 306 750 propagandi
335 659 461 749 libros,
493 681 573 728 cum
600 655 684 727 alius
708 677 753 725 ex
777 655 842 728 alio
859 659 1083 730 transscriba-

93 770 212 846 retur,
243 755 395 848 adeoque
426 769 600 848 postrema
628 754 785 847 exempla
815 755 856 827 ab
873 759 1082 849 autographo

93 855 294 948 longissime
317 859 484 927 abessent.
528 855 639 952 Igitur
649 857 685 932 in
701 857 743 927 cl.
762 881 834 929 occ.
849 855 986 928 licentia
1005 881 1081 928 cor-

94 953 229 1046 rigendi
244 953 462 1045 potissimum
476 955 511 1024 in
527 956 671 1026 consilio
683 955 740 1026 vel
754 955 898 1027 addendi
912 952 968 1025 vel
982 955 1083 1024 omit-

94 1052 192 1122 tendi
219 1053 275 1122 vel
290 1052 425 1138 glossas
449 1053 652 1145 invehendi,
673 1059 708 1123 in
726 1053 955 1145 permutandis
979 1075 1083 1124 voca-

92 1150 185 1222 bulis
209 1153 409 1244 synonymis
427 1165 462 1223 et
473 1151 508 1222 in
529 1153 792 1245 transpositione
808 1151 991 1224 verborum
1007 1177 1082 1223 cer-

92 1249 198 1327 nitur.
241 1251 386 1322 Librarii
415 1253 458 1323 cl.
483 1275 533 1324 or.
565 1255 676 1344 potius
707 1251 939 1326 aberrantibus
972 1253 1080 1324 oculis

94 1347 184 1441 lapsi
206 1364 284 1422 sunt
296 1400 307 1438 ,
326 1351 382 1420 vel
404 1352 447 1422 ob
462 1350 784 1446 c‘poeaelaeoror‚‘rel
806 1351 849 1422 ob
873 1373 976 1421 voces
1000 1373 1083 1421 con-

94 1469 201 1518 sonas
235 1449 493 1542 antecedentes,
525 1453 579 1522 vel
605 1451 648 1522 ob
671 1451 870 1542 compendia
892 1450 1079 1534 scribendi,

94 1543 154 1614 vel
181 1569 360 1638 perperam
386 1548 502 1638 lectis,
530 1550 585 1620 vel
607 1573 669 1642 per
686 1549 927 1642 negligentiam
945 1550 1080 1619 omissis

93 1645 296 1734 vocabulis,
323 1647 378 1718 vel
407 1647 546 1719 scholiis
566 1648 621 1718 vel
638 1647 762 1741 glossis
780 1647 932 1736 decepti,
953 1647 1017 1717 illis
1039 1653 1080 1718 ad

92 1746 313 1826 sententiam,
339 1744 392 1816 bis
421 1747 464 1816 ad
491 1746 655 1816 rariorem
681 1769 743 1817 seu
768 1744 954 1816 obsoletam
983 1745 1080 1816 dicti-

96 1863 201 1911 onem
239 1844 528 1933 interpretandam
566 1867 668 1936 supra
705 1839 811 1918 lineas
843 1867 904 1916 seu
937 1846 1080 1940 margini

94 1938 190 2010 illitis
208 1954 244 2012 et
258 1941 380 2033 partim
391 1967 437 2014 ex
450 1941 535 2014 locis
550 1942 717 2034 parallelis
728 1944 862 2035 petitis,
883 1944 974 2014 unde
996 1967 1080 2014 cona
1100 1957 1103 1966 ’

96 2053 213 2111 textus
243 2040 384 2114 scholiis
405 2043 477 2113 sive
496 2042 619 2138 glossis
632 2053 697 2130 aut
717 2043 903 2125 adauctus,
924 2055 1080 2114 anteum
1191 2059 1193 2066 ’

94 2137 139 2208 iis
163 2154 387 2232 permutatus.
412 2141 496 2213 Ubi
523 2138 651 2228 familia
674 2140 824 2212 africana
847 2139 988 2212 antina
1011 2141 1080 2212 dis-

96 2236 207 2328 cedit,
243 2238 426 2330 prasertim
455 2239 606 2311 studium
637 2239 851 2334 elegantioris
877 2240 957 2332 styli
980 2241 1080 2310 ellin-

96 2335 199 2430 gandi
208 2337 519 2410 ethebraismorum
528 2338 977 2430 evitandorumperspicitur:
988 2339 1080 2410 unde

97 2433 312 2509 Griesbachii
331 2435 461 2509 dictum
485 2440 521 2510 in
540 2435 792 2532 Prolegomenis
810 2437 853 2507 ad
877 2461 910 2506 n.
932 2437 973 2506 T.
994 2451 1081 2510 sect.

96 2533 427 2627 111.p.Lxxv11.:
458 2579 475 2618 „
482 2542 748 2630 grammaticum
758 2537 825 2624 egit
837 2535 1079 2608 alexandrinus

99 2655 242 2727 censor,
262 2635 482 2727 interpretem
500 2635 719 2707 occidentalis
728 2635 747 2662 '¹
764 2631 820 2715 (id
846 2648 901 2705 est
920 2633 1079 2718 latinns).

160 2731 336 2825 Exemplis
356 2749 508 2810 nostram
524 2735 727 2806 sententiam
745 2731 787 2802 dc
804 2733 979 2824 utriusque
993 2733 1082 2804 olas·

96 2831 145 2902 sis
166 2831 280 2900 indole
309 2831 477 2904 illustrare
499 2836 609 2917 juvat.
649 2830 788 2903 Familia
809 2828 960 2902 africana
979 2831 1079 2904 Rom.

97 2936 155 3019 ts,
192 2937 245 3000 ³2.
269 2931 556 3002 constructionem
577 2929 744 3023 participii
765 2925 868 3007 castr
889 2931 1081 3023 absquem

95 3043 175 3119 post
191 3037 252 3105 θιῦ
274 3028 460 3123 elegantius
476 3053 578 3124 ‹puam
591 3029 705 3100 verius
724 3029 837 3100 habet.
880 3025 1016 3098 Familia
1030 3029 1081 3100 la-

96 3128 166 3196 tina
190 3126 313 3198 ibidem
343 3151 465 3200 vocem
493 3133 554 3204 θιῧ
580 3140 749 3219 permutat
771 3147 849 3196 cum
868 3135 975 3230 κμςῢ
986 3129 1081 3208 Ἰηοῦ,
1192 3165 1195 3173 ·

64 3261 69 3269 κ
97 3223 282 3318 eademque
303 3225 384 3296 loco*
406 3224 679 3318 woormdcopm
704 3224 776 3317 ὖμῒν
793 3223 909 3317 glossa
932 3223 1081 3318 εἰναψῦξυ

97 3329 180 3408 (scu
195 3320 384 3420 ἐνιψυχὸ)
397 3329 474 3418 peb'
486 3326 572 3419 ὁμοῖν
585 3327 700 3399 utitur.
742 3321 874 3393 Ibidem
887 3345 919 3392 v.
935 3329 987 3395 tt.
1002 3323 1080 3394 fam

95 3422 156 3498 lat.
172 3423 418 3516 interpretandi
433 3447 537 3496 causa
555 3421 616 3500 ivo
629 3435 707 3496 ante
724 3419 809 3515 μιτέ
821 3421 923 3496 addit.
965 3423 1021 3492 Ab
1040 3445 1082 3494 ea

60 3547 63 3555 ·
94 3523 194 3595 Rom.
227 3529 267 3598 16
274 3574 285 3614 ,
306 3529 357 3596 16.
382 3525 487 3595 verba
506 3522 787 3614 ἑσπέζοπιιῦμὲἱς
814 3519 1019 3597 clitellarios
1039 3525 1083 3595 ad

93 3639 170 3725 xp„
199 3633 239 3690 ut
264 3619 483 3694 salutationes
510 3621 607 3694 Pauli
624 3644 645 3691 a
665 3629 859 3690 ceterorum
870 3619 934 3692 rite
951 3617 1083 3700 disjun-

94 3732 310 3814 gantur‚suo
321 3719 399 3792 loco
411 3722 630 3809 omittuntur,
641 3733 676 3790 et
686 3729 764 3812 post
774 3742 805 3786 v.
820 3723 873 3789 2¹1.
886 3715 1082 3786 hoomodo:

95 3817 147 3892 sal
168 3826 204 3895 ei
221 3811 345 3894 insane.
365 3827 465 3896 reboet
489 3827 534 3896 ott
549 3839 610 3926 xp.
631 3828 748 3910 argute
768 3826 972 3914 assuuntnr3
991 3813 1081 3884 unde

96 3917 195 3987 etiam
209 3918 335 4014 familia
346 3918 494 4004 africana
506 3915 588 3987 licet
608 3914 690 3986 sede
706 3913 947 4003 ammoverit,
968 3923 1081 3982 nmen

95 4015 489 4108 additamentnmllmiw
521 4013 636 4110 (quod
666 4026 744 4106 post
769 4037 802 4086 v.
825 4019 880 4084 21.
898 4023 1096 4103 poneretur!
