2616 4598
180 351 185 374 ¹
273 327 335 396 276
941 341 1231 396 annunrtmnru

275 471 411 567 scripti,
433 473 492 568 qui
513 483 625 544 tamen
646 465 726 540 rlibi
746 469 956 544 constantius
977 472 1013 542 in
1034 487 1231 569 augmento·

277 571 497 646 conveniunt:
517 592 548 647 e.
562 587 596 660 g.
610 565 734 638 Matth.
750 569 868 658 17,16.
884 578 934 643 19.
955 571 1008 661 26,
1022 579 1043 646 9
1064 573 1138 656 (ubi
1149 573 1232 664 pauci

181 709 183 716 ·
276 673 370 756 thr.)
397 671 505 742 Marc.
520 669 598 758 6,5.
615 675 665 741 19.
687 675 720 756 9,
734 675 784 736 28.
806 665 898 756 11,5
923 669 1005 747 Luc.
1019 679 1051 758 9,
1064 677 1115 744 bo.
1140 673 1232 742 scor.

276 779 310 862 3,
325 781 360 866 1,
384 767 536 858 adeoque
553 786 639 836 nnus
653 763 809 856 idemque
824 765 944 838 modus
958 768 1126 838 scribendi
1137 790 1233 840 serve·

277 885 344 942 tur.
378 869 506 940 Nostro
527 867 605 936 Ioco
624 865 756 957 reperio
775 865 876 935 etiem
889 863 924 934 in
939 864 1047 939 hest
1069 865 1151 944 ttu'r.
1181 869 1234 940 Ea·

277 967 355 1039 dem
386 964 671 1036 inconstantiam
698 963 802 1033 verbo
830 968 949 1052 pietur
976 961 1233 1054 deprehenditur:

274 1065 382 1160 §prm
401 1065 557 1136 scribitur
574 1063 658 1138 Luc.
675 1071 725 1152 19,
739 1063 759 1134 d
778 1059 858 1133 tob.
872 1065 904 1150 6,
918 1065 967 1132 71.
990 1071 1040 1149 12,
1055 1071 1108 1134 3³.
1131 1072 1232 1152 18,32,

275 1160 558 1259 quemadmodum
587 1162 738 1244 iberibus
765 1159 885 1238 aton.
908 1169 967 1244 ¹23
1001 1175 1120 1234 contra
1147 1154 1233 1254 ἔμω

274 1262 352 1336 Ich.
367 1263 400 1353 6,
414 1264 444 1333 6.
467 1266 499 1350 7,
514 1267 566 1335 39.
588 1268 639 1350 11,
653 1265 702 1328 51.
736 1260 967 1352 Augmcntnm
988 1261 1167 1351 temporale
1185 1261 1233 1330 ho

273 1383 351 1432 rnnr
376 1360 477 1432 trium
502 1359 685 1429 verborum
713 1357 936 1430 Buttrnannus
965 1357 1001 1428 in
1022 1359 1083 1436 Gr.
1102 1383 1150 1456 gr.
1169 1360 1191 1446 5.
1202 1359 1233 1430 76

273 1465 387 1538 not5
416 1457 582 1530 atticismo
618 1468 787 1529 accenset.
840 1455 1033 1526 Videbimus
1066 1472 1176 1528 autem
1200 1457 1233 1528 nd

274 1558 358 1636 Luc.
377 1559 451 1648 nt
477 1557 513 1626 in
542 1553 608 1626 alia
633 1576 769 1648 quoque
796 1555 906 1628 forma
930 1556 1136 1630 atticisrnum
1155 1556 1233 1649 culpa

273 1655 486 1730 librariorum
506 1655 695 1730 evanuisse.

666 1841 705 1913 0.
727 1841 869 1914 XXIII.

335 1983 370 2032 v.
382 1967 413 2032 3.
443 1960 558 2055 Quum
570 1960 605 2030 in
617 1960 696 2030 fem·
713 1959 881 2045 nfr.(o1.z
899 1966 928 2029 1.
944 1959 1015 2032 121.
1027 1966 1090 2035 209
1105 1961 1232 2040 Armeno

274 2058 376 2132 heth.
386 2058 549 2139 Eusebio)
565 2057 679 2132 sineru
692 2061 775 2148 ripis,
788 2058 899 2133 veniit
911 2056 964 2132 ruri
975 2059 1107 2160 sufflo,
1119 2059 1153 2130 in
1165 2063 1234 2146 Syro

233 2223 235 2230 .
274 2159 361 2230 hier.
380 2156 494 2231 cirrum
515 2161 587 2248 ὑμῖν
607 2161 720 2259 rupeis,
741 2157 853 2232 veruti·
873 2153 925 2228 aa)
942 2157 1075 2257 uptiis,
1101 2156 1136 2226 in
1154 2153 1233 2232 cdo

274 2271 310 2330 et
328 2258 391 2332 int.
409 2257 518 2344 copto
539 2255 584 2326 sit
604 2254 717 2338 thure,
744 2260 854 2336 πωιῗἹι
871 2255 924 2330 reci
938 2259 1070 2358 ruptiis,
1099 2258 1132 2328 in
1151 2251 1234 2348 pluri·

271 2359 336 2426 bns
350 2357 427 2428 inte
441 2352 554 2426 Sshid.
567 2355 630 2429 Ar.
641 2353 717 2446 Vlg.
734 2353 776 2428 It.
792 2357 930 2444 henco,
944 2355 1144 2427 Ambrosio:
1165 2353 1233 2426 rieu-

273 2483 318 2526 err
334 2456 423 2541 ὑμῖν,
449 2453 565 2620 τιξιϊἾε
586 2450 638 2524 eei
656 2454 767 2529 noeriis
788 2453 937 2541 (Miliic,
958 2454 1156 2524 Gersdorfio
1175 2450 1232 2522 Bri·

272 2558 367 2642 brige
394 2571 459 2618 zur
509 2549 875 2638 prachchrrnkteristik
904 2551 965 2620 der
985 2550 1190 2626 Schriihstelh
1207 2547 1232 2618 d·
1279 2619 1280 2626 ,

272 2674 307 2719 n.
323 2649 368 2724 N.
395 2646 483 2720 Einl.
497 2670 531 2740 p.
546 2651 586 2720 27
607 2660 642 2716 et
654 2648 841 2720 Fritzschio
854 2650 889 2720 in
906 2649 1028 2720 Matth.
1044 2673 1078 2740 p.
1094 2654 1153 2724 673
1171 2668 1231 2739 pro

271 2749 406 2835 batum,
434 2746 515 2816 Iicet
540 2745 653 2817 invitis
681 2748 835 2818 omnibus
863 2747 938 2818 cdd.
961 2749 1050 2841 gn),
1080 2749 1116 2819 in
1136 2746 1175 2817 cl.
1193 2765 1231 2812 or.

273 2844 419 2937 denique
433 2845 493 2920 riht·
511 2848 582 2934 dpir
598 2850 709 2946 rupeis,
728 2846 842 2944 rupri'h
857 2846 909 2918 eei
923 2847 1049 2928 noeriis,
1071 2845 1175 2914 omnis
1187 2841 1231 2910 hu·

268 2945 324 3025 jus
346 2937 519 3012 varietatis
542 2941 635 3034 origo
657 2942 870 3032 perspicitur,
891 2943 919 3012 si
942 2942 1042 3013 lectio
1063 2943 1086 3011 f.
1104 2944 1162 3014 afr.
1180 2938 1232 3030 pri·
1278 2950 1279 3036 t

271 3039 418 3132 migenia
437 3038 591 3129 habetur,
611 3053 646 3110 et
667 3041 773 3112 altera
790 3041 970 3113 derivatior
984 3065 1044 3131 ea,
1066 3065 1165 3135 quam
1184 3038 1231 3122 Sy·

270 3162 331 3210 rus
352 3137 435 3208 hier.
459 3137 629 3228 exhibuit,
648 3139 753 3209 verbo
772 3145 868 3240 τηρεῖν
892 3163 912 3210 a
931 3155 1048 3210 vetere
1063 3139 1230 3212 scholiasta
1277 3207 1278 3216 ἢ

270 3237 360 3307 intra
380 3235 485 3307 lineas
509 3235 689 3328 adscripto.
725 3237 854 3306 Deinde
874 3237 1149 3326 aposterioribus
1163 3231 1230 3304 scri·
1277 3227 1278 3291 i

270 3334 323 3404 bis
339 3333 516 3424 dupliciter
530 3335 746 3424 peccabatur,
765 3333 837 3406 aliIs
852 3334 1116 3428 infrascriptam
1132 3353 1230 3404 vocem

272 3435 344 3519 ὑμῖν
365 3431 625 3524 expungendam
644 3433 746 3522 ratis,
765 3455 875 3526 neque
897 3457 999 3526 supra
1019 3436 1175 3526 scriptam
1189 3449 1230 3496 re·
1276 3497 1277 3504 ,

272 3529 384 3618 cipere
406 3530 495 3600 ausis
518 3531 708 3622 (utino),
730 3529 802 3602 aliis
823 3531 904 3600 illud
925 3537 1020 3632 ruptio
1042 3555 1145 3622 supra
1163 3525 1230 3599 scri·
1276 3511 1277 3542 ¹

270 3639 366 3718 ptum
398 3639 558 3718 tanquam
586 3629 719 3722 signum
748 3631 1018 3721 transpositionis
1047 3628 1228 3699 habentibus

270 3726 416 3813 ideoque
436 3731 546 3828 ruptiis
561 3725 613 3798 καὶ
630 3729 738 3802 noeriis
753 3729 986 3800 exorantibus.
1023 3729 1190 3798 Postrema
1203 3732 1229 3786 eb
1275 3769 1276 3786 .

270 3825 419 3894 maxime
440 3823 590 3896 derivata
610 3826 780 3918 scriptura
795 3825 837 3896 ol.
854 3848 924 3914 or.,
945 3847 1018 3916 quae
1033 3824 1188 3894 hactenus
1201 3816 1228 3882 in

270 3921 342 3992 fere
363 3923 517 3994 omnibus
534 3922 609 3994 edd.
625 3924 798 4014 impressis
813 3922 949 4015 legitur,
971 3923 1138 3994 eduobus
1151 3937 1228 3990 urso·

263 4013 323 4090 ¹dis
345 4031 379 4089 ct
400 4019 474 4108 Syri
494 4019 578 4099 hier.
599 4033 633 4094 et
653 4021 768 4092 Irenaei
789 4021 937 4092 conflata
958 4035 1018 4112 est.
1274 4019 1275 4026 ’
