2608 4582
225 455 419 532 accuratius
446 451 651 540 Engelbretb
674 452 864 546 inspexit),
878 454 989 548 ,isque
1008 458 1044 526 in
1071 458 1257 547 Apoea,

224 557 313 650 lypsi
338 553 435 627 titulo
461 556 503 626 ⁴6
530 553 727 647 insignitus,
750 551 929 624 inducitur.
972 553 1034 623 Sin
1057 569 1257 628 nostram.

224 655 328 740 hujus
356 651 483 724 codicis
510 649 726 722 collationem
747 651 1013 740 comparaveris,
1046 673 1134 724 eam
1159 677 1241 724 non

140 809 144 818 .
225 754 328 826 modo
347 752 442 841 alibi,
465 749 645 822 sedetiam
666 751 700 819 in
714 748 799 842 ipsis
819 749 918 828 Actis
935 762 971 820 ct
986 751 1149 840 epistola
1172 753 1242 824 Ja-

226 852 305 922 cobi
328 849 433 919 multo
457 847 707 934 locupletiorem
734 866 810 916 esse
835 845 935 918 facilc
964 847 1241 939 deprehendes.

227 949 316 1020 Tum
337 971 419 1018 vero
443 947 484 1016 de
508 945 715 1037 Apocalypsi
733 945 775 1015 ad
791 947 918 1016 calcem
938 969 1016 1015 men
1035 949 1241 1021 Lucubra-

227 1047 329 1120 tionis
348 1045 542 1138 speciminis
555 1046 664 1138 gratia
685 1043 868 1137 adjungere
884 1045 971 1136 coepi
988 1044 1170 1120 lectiones
1190 1052 1235 1122 ab

227 1143 435 1233 Engelbreth
464 1144 704 1234 praetermissas
735 1164 780 1211 ex
808 1143 924 1234 primis
948 1143 1119 1236 capitibus
1156 1151 1237 1216 col-

227 1244 354 1336 lectas,
375 1266 402 1314 e.
421 1267 454 1337 g.
475 1264 505 1313 c.
524 1250 557 1331 2,
571 1247 612 1314 23
628 1241 833 1334 singularem
849 1243 1050 1333 scripturam
1068 1243 1116 1316 eil
1130 1255 1238 1320 τίω

227 1345 346 1433 edrri'r,
365 1365 466 1434 quam
481 1354 598 1411 noster
616 1362 693 1410 cum
710 1339 792 1412 solis
807 1340 1044 1430 interpretibus
1059 1345 1232 1418 Armeno

229 1455 269 1513 et
289 1441 469 1513 Slavonlco
489 1460 702 1510 communem
721 1439 833 1510 habet.
875 1441 982 1512 Recte
1008 1440 1235 1534 igiturMo-

228 1538 344 1612 rellius
358 1539 392 1608 in
408 1536 492 1609 Bibl.
506 1537 591 1608 Ma:
608 1535 882 1629 „Engelbrethus
897 1551 932 1608 et
945 1538 1055 1630 ipsc‚’'
1083 1542 1231 1636 inquit,

229 1642 347 1721 „Acta
366 1633 601 1729 Apostolorum
622 1633 884 1728 haudquaquam
905 1637 1086 1730 expendit,
1101 1663 1230 1736 neque

229 1739 266 1808 in
282 1735 430 1828 epistolis
445 1747 538 1805 recte
551 1735 664 1804 omnia
679 1733 802 1823 vidit,’'
822 1749 924 1830 atque
943 1739 1014 1828 ipse
1029 1737 1243 1825 lectionuun

230 1835 400 1908 delectum
418 1833 460 1903 ad
482 1831 584 1902 lidcm
601 1833 791 1904 faciendam
814 1835 941 1924 primus
961 1837 1080 1908 attulit.

293 1930 411 2002 Codex
433 1931 512 2020 106,
538 1927 751 2000 Bibliotheca
771 1937 809 2002 D.
826 1933 935 2004 Marci
956 1935 1000 2005 N.
1015 1959 1047 2020 r,
1064 1937 1099 2008 in
1118 1937 1228 2032 folio,

231 2032 529 2124 membranaceus,
568 2025 727 2098 loliorum
760 2031 968 2125 cnxtlll„
1003 2035 1112 2107 seculi
1140 2042 1229 2116 XV.

199 2189 203 2204 ,
232 2129 390 2202 Continet
402 2140 500 2196 retus
513 2138 547 2196 et
557 2147 684 2196 novum
695 2127 963 2202 Testamentum.
1006 2135 1091 2205 Post
1104 2135 1230 2209 Evan.

231 2225 321 2321 gelia
337 2236 526 2316 sequuntur
539 2231 629 2296 Acta
640 2238 674 2294 et
684 2227 833 2318 epistolae
849 2229 1039 2323 catholica,
1057 2233 1226 2329 deinceps

105 2359 117 2370 -
231 2323 459 2416 Apocalypsis
495 2336 529 2392 ct
554 2337 727 2415 postremo
745 2327 892 2418 epistolae
910 2329 1015 2400 Pauli.
1057 2331 1226 2406 Morellio

233 2425 253 2508 (
262 2425 297 2493 in
310 2421 395 2492 Bibl.
409 2421 478 2493 Ms.
496 2423 555 2493 Gr.
572 2436 606 2493 ct
616 2424 688 2493 Lat.
705 2447 736 2516 p.
752 2431 791 2508 8)
806 2426 922 2509 judice
934 2453 1037 2516 manu
1051 2431 1224 2513 lobannis

231 2521 344 2594 Rhesi
371 2521 568 2612 Presbyteri
595 2525 784 2614 Cretensis,
815 2547 882 2616 quo
915 2529 1061 2600 maxime
1082 2529 1225 2606 librario

230 2621 391 2702 Bessario
412 2619 598 2691 cardinatis
612 2621 786 2710 utebatur,
806 2638 965 2695 exaratus
985 2639 1048 2698 est.

268 2707 415 2791 'codex
438 2722 514 2810 ιον,
543 2718 805 2793 niciensem.
821 2723 1054 2800 Marcimvr.
1070 2726 1223 2822 infore,
1298 2711 1299 2804 l

232 2819 512 2896 membranaceus
527 2831 563 2888 ct
578 2819 701 2908 partim
718 2815 930 2904 chartaceum
949 2823 1057 2894 seculi
1072 2825 1152 2914 XV,
1168 2829 1222 2899 so.

232 2917 361 2987 llorum·
376 2916 560 2984 CDXXXl.
573 2915 680 2986 Biblia
696 2921 818 2990 veteris
840 2933 876 2990 ct
896 2922 976 2991 novi
990 2925 1220 3019 Testamenti,

115 3013 118 3022 '
197 3029 200 3036 ·
235 3012 389 3102 exceptis
419 3011 514 3082 libris
541 3011 821 3084 Maccabnorum.
872 3018 939 3090 Sed
963 3021 1055 3093 inest
1080 3023 1219 3118 Daniel,

235 3133 339 3204 quem
357 3111 484 3200 Anton.
499 3109 610 3179 Maria
628 3111 765 3179 Zanetti
790 3112 824 3183 in
842 3115 957 3187 Grnca
977 3119 1016 3187 D.
1036 3118 1145 3191 Marci
1163 3123 1219 3194 Bi·

233 3208 354 3284 blioth.
372 3207 478 3278 Codd.
494 3207 579 3282 Mss,
596 3230 657 3299 per
675 3208 789 3282 titulos
805 3211 934 3298 digesta
946 3217 1111 3295 (Venetiis
1125 3223 1218 3308 1740)

236 3331 269 3398 p·
294 3311 334 3377 14
358 3308 470 3377 inesse
488 3307 632 3393 negavit.
673 3309 915 3401 apographum
936 3328 988 3386 est
1005 3317 1131 3390 codicis
1149 3320 1218 3410 pri·

238 3405 320 3474 oris.
363 3404 521 3474 Totidem
537 3405 623 3473 enirn
636 3407 747 3476 verbis
762 3406 865 3480 habet
880 3427 1077 3506 argumenta
1090 3429 1125 3485 et
1137 3439 1218 3489 con·

237 3504 427 3592 clusiones‚
447 3508 588 3596 ipsaque
606 3506 731 3577 menda
751 3510 939 3602 scribendi,
959 3534 989 3583 e.
1009 3539 1042 3608 g.
1056 3517 1152 3589 Rom.
1175 3519 1216 3609 t,

237 3609 280 3672 22
305 3625 367 3691 pro
392 3602 605 3694 mrllbpoee
619 3603 799 3696 lundrensi,
833 3630 862 3678 c.
889 3619 941 3697 12,
955 3621 981 3680 2⁴
999 3614 1157 3703 pal'abcst
1172 3618 1215 3688 ab

238 3713 403 3792 utroque,
431 3723 460 3769 c.
482 3713 533 3789 12,
554 3706 733 3796 5uterquc
760 3703 791 3778 lv
810 3713 900 3798 adpo
925 3707 1091 3802 duplicat,
1109 3734 1215 3805 noque

239 3799 415 3868 minimum
437 3798 617 3870 discrimen
637 3801 678 3872 in,
698 3801 840 3897 epistola
862 3804 905 3876 ad
924 3805 1100 3882 Romanos
1112 3832 1214 3906 usquc

242 3894 366 3968 adhoc
386 3895 454 3968 loci
471 3896 622 3972 interest.
