2614 4594
250 295 315 368 2⁶2
918 319 965 368 an
981 319 1045 370 nv.
1061 317 1236 372 unumst
1291 273 1292 284 ἵ

247 443 323 522 'non
336 447 660 526 contemnendam.
692 449 748 522 Ita
760 449 1010 548 animosi-bum
1025 450 1240 528 taoo'r'lnuoa
1291 435 1292 530 l

250 550 371 622 Jesum
392 562 481 620 tecte
503 559 538 618 ot
557 547 644 618 scito
664 546 844 638 complecti
857 548 1005 622 videtur.
1046 548 1183 618 Contra
1193 570 1240 617 se·

251 649 401 718 cnndum
433 645 607 736 vulgarem
639 645 792 716 ordinem
823 647 1008 715 verborum
1044 646 1239 716 existimare
1291 639 1292 732 l

249 746 391 838 poteris,
413 743 595 834 discipulos
617 741 691 814 sino
712 744 873 838 magistro
895 744 1095 826 traiecisse.
1136 743 1200 815 Sed
1208 743 1237 812 id
1291 743 1292 776 ¹

249 843 339 914 ultro
369 844 509 913 affirmat
529 861 565 916 n.
585 841 793 914 Fritaschius
813 842 850 910 in
871 840 998 912 Mattln
1023 865 1061 930 o.
1078 851 1166 931 528,
1188 842 1238 910 ls-

249 965 326 1013 sum
346 940 437 1010 enim
451 940 526 1023 jam
545 942 637 1032 prius
660 949 814 1031 c.1s,ss
834 940 871 1010 ic
886 941 972 1010 lines
989 940 1237 1034 Magdalenses

249 1039 445 1132 navigasse,
479 1037 662 1129 discipulos
691 1039 825 1122 objecto
855 1037 965 1110 noscit
993 1061 1074 1130 quo
1100 1038 1240 1130 impedi-

249 1151 448 1208 mentonoo
463 1136 579 1209 statim
591 1158 668 1208 eum
684 1149 888 1214 consecutos
903 1159 999 1225 esse,
1021 1138 1090 1208 sed
1109 1139 1236 1208 demum

248 1240 317 1306 ms
337 1257 415 1306 eum
434 1232 565 1327 locum,
588 1259 656 1329 quc
677 1235 780 1308 lesus
801 1257 880 1306 cum
900 1234 1083 1307 Pharisaeis
1107 1250 1146 1306 et
1164 1236 1238 1306 Sad-

250 1333 371 1406 duceis
400 1333 621 1426 disputasset,
649 1334 797 1426 petiisse.
837 1335 936 1405 ffluo
961 1356 1048 1405 vero
1073 1338 1235 1406 rationem

249 1431 467 1504 multifariam
493 1433 649 1504 laborare
675 1433 831 1508 arbitror.
871 1432 1023 1502 Primum
1048 1433 1150 1526 quod
1170 1435 1237 1524 ipsa

249 1533 355 1603 verba
369 1530 505 1613 attinet,
528 1529 612 1600 dura
626 1544 718 1600 certe
730 1544 821 1603 esset
834 1543 1023 1614 structura,
1038 1533 1108 1606 mi
1124 1532 1145 1600 J
1149 1553 1235 1600 esum

252 1630 430 1704 abeuntem
452 1626 539 1718 dioi,
560 1626 622 1700 sed
642 1627 684 1698 de
706 1629 779 1712 eius
799 1628 917 1700 itinere
937 1629 1132 1700 Cesaream
1151 1629 1235 1698 facto

250 1747 285 1799 v.
302 1733 356 1815 13,
371 1726 444 1808 jam
465 1725 539 1820 agi,
559 1724 801 1800 utFritaschio
822 1725 1018 1814 videbatur,
1039 1738 1151 1818 atque
1172 1729 1236 1798 us

250 1822 351 1898 aliam
370 1846 443 1898 rem
462 1826 630 1918 interponi
642 1829 692 1898 sic
706 1826 852 1923 illatam:
879 1825 943 1900 sal
968 1825 1118 1902 ossula.
1156 1821 1235 1893 Mal·

216 2005 219 2014 ‚
251 1921 381 2014 lemos,
410 1936 589 2018 postquam
616 1923 658 1994 de
679 1923 887 2016 profectione
906 1922 991 1994 Jesu
1017 1945 1051 1992 v.
1073 1927 1096 1992 4
1127 1943 1230 1994 serim

250 2021 334 2110 luit,
355 2041 562 2114 cognoscere
581 2045 613 2097 v.
628 2029 674 2112 5,
688 2044 756 2114 quo
777 2023 934 2110 venerit,
961 2019 1095 2092 Deinde
1120 2041 1141 2092 e
1162 2041 1230 2092 seo-

215 2135 218 2144 '
250 2121 357 2190 tentio
368 2117 549 2189 Fritzsobii
564 2118 604 2193 τδ
618 2125 711 2223 algar
732 2143 765 2190 v.
781 2127 801 2192 5
823 2133 914 2192 esset
926 2119 1005 2191 litus
1020 2117 1230 2190 occidentale

249 2215 346 2290 lacus
367 2215 575 2307 Tiberiadis,
600 2218 657 2287 ubi
686 2216 839 2310 discipuli
860 2218 1059 2310 magistrum
1081 2217 1230 2290 offendo-

249 2317 333 2388 rint:
353 2338 471 2388 verum
491 2329 652 2388 constans
672 2338 752 2388 usus
768 2338 856 2388 sacr.
870 2317 1074 2407 scriptorum
1089 2317 1179 2404 fert,
1201 2328 1232 2390 ut

250 2413 288 2487 aa*
302 2421 395 2516 algar
411 2421 453 2487 τῦ
467 2417 598 2517 ingratos
617 2414 697 2490 litus
720 2415 879 2486 orientale
901 2419 957 2491 sit.
994 2415 1053 2485 Sin
1076 2413 1151 2486 haro
1168 2415 1231 2483 for-

250 2513 342 2584 mula
362 2513 523 2588 solemnis
544 2513 601 2584 hio
623 2534 757 2604 quoquo
779 2525 924 2602 tenetur,
946 2533 1089 2582 necesse
1107 2525 1162 2584 est
1178 2513 1231 2582 Jo-

250 2634 346 2699 snm,
375 2624 448 2681 tum
473 2611 509 2680 iu
537 2611 737 2682 occidentali
757 2622 853 2701 parte
873 2607 967 2680 lacus
989 2623 1168 2682 versatum
1189 2616 1232 2692 (o.

113 2738 117 2744 ¹
250 2717 303 2802 16,
319 2712 393 2800 39),
412 2733 480 2780 una
497 2731 576 2780 cum
596 2708 765 2799 discipulis
785 2709 969 2791 trajecisse.
1006 2707 1047 2779 Id
1063 2711 1161 2800 quod
1176 2732 1231 2798 op·

250 2821 394 2898 portuno
408 2808 627 2878 confirmatur
640 2807 717 2876 loco
731 2807 866 2898 gemino
881 2806 1008 2893 Marci,
1032 2808 1090 2899 qui
1107 2819 1182 2894 αδ,
1195 2816 1233 2879 10

251 2905 376 2976 diserte
397 2917 431 2974 et
449 2903 629 2994 discipulos
652 2907 698 2974 ait
717 2905 916 2998 magistrum
935 2906 971 2974 in
992 2905 1069 2976 loca
1095 2907 1231 2976 Dalma-

250 3000 478 3093 nuthae·(quae
501 3000 543 3071 ad
564 3002 723 3094 Magdala
743 3004 808 3073 sita
828 3002 1108 3094 fuisseputanda
1132 3007 1232 3082 sunt)

252 3098 524 3187 proficiscentem
545 3103 723 3170 comitatos
746 3121 842 3189 esso,
865 3114 899 3170 et
911 3099 1030 3172 Jesum
1044 3123 1078 3177 v.
1095 3101 1232 3172 scinde

129 3245 148 3268 .
251 3217 441 3272 conscensa
469 3197 546 3268 navi
570 3199 603 3266 in
626 3197 786 3267 orientale
804 3196 883 3268 litus
908 3199 1083 3280 trajecisse
1115 3203 1174 3283 (alr
1199 3198 1233 3274 ri

250 3298 375 3395 algar),
392 3295 587 3388 priusquam
603 3297 788 3367 Caesaream
803 3299 1013 3386 pervenerim
1034 3298 1081 3366 ita
1095 3310 1136 3366 ut
1151 3321 1229 3368 can·

136 3416 138 3420 ’
251 3393 329 3462 dem
357 3393 468 3484 viam,
496 3418 562 3487 qua
584 3420 604 3466 a
624 3395 746 3468 linibus
772 3393 885 3478 Tyriis
907 3416 967 3484 per
989 3395 1230 3485 Decapolinin

246 3502 341 3580 porte
362 3490 514 3562 orientali
533 3491 673 3562 Jordani
695 3491 737 3560 ad
755 3489 867 3562 laeum
881 3491 1095 3562 Tiberiadem
1113 3495 1225 3582 profe-

249 3599 325 3658 ctus
341 3587 385 3658 sit
395 3588 526 3666 (Marc.
534 3593 566 3679 l,
574 3593 641 3680 29),
655 3589 834 3679 repetierit.
856 3589 946 3660 Nam
959 3589 1050 3682 quod
1061 3591 1096 3660 in
1107 3592 1228 3662 itinere

246 3685 464 3758 Bethsaidam
484 3687 635 3782 attigisse
655 3687 776 3756 dicitnr
794 3683 904 3761 Maro.
920 3699 951 3776 8,
965 3697 1025 3776 22,
1047 3689 1140 3760 hanc
1160 3713 1229 3760 oon

247 3785 355 3856 fuisse
383 3782 472 3854 illam
501 3784 661 3854 inlitora
690 3785 889 3860 occidentali
911 3787 1099 3858 Tiberiadis
1130 3790 1228 3860 sitam

250 3883 428 3970 existimo,
455 3879 518 3953 sed
542 3879 641 3954 aliam
662 3883 812 3966 ejusdem
831 3884 976 3961 nominis
997 3885 1033 3954 in
1055 3885 1227 3974 orientali,

252 3999 272 4058 a
299 3978 451 4071 Philippo
484 3999 565 4072 tege
595 3979 629 4068 io
661 3982 781 4059 urbem
809 3995 969 4071 mutatam
999 3994 1032 4057 et
1058 3980 1231 4060 Juliadem.
