2622 4590
88 359 256 428 cmix.
277 371 292 408 u
1013 345 1075 410 125

86 488 146 580 qui
167 488 203 557 in
224 508 332 578 marg.
346 485 466 575 habet,
480 487 549 558 'sed
565 488 723 562 omittens
745 489 797 560 καὶ
813 489 958 563 viridas
975 499 1075 564 bm-

84 589 326 660 oadrnr02v.1ll
345 589 521 668 mendenen
544 597 655 665 1090.
675 590 698 660 fi
721 589 779 660 tat
815 591 1020 663 dativorum
1042 615 1074 678 0,

83 683 127 756 al.
155 685 301 757 &barn
320 693 391 759 109.
420 709 452 762 V.
470 690 509 758 15
530 689 719 786 sigillonem
737 691 1001 780 ιόαγγιλιζομίνων
1020 691 1075 760 ab·

84 783 414 866 estoohomoeotet.
437 785 479 854 ab
502 793 571 859 109.
607 809 640 858 v.
659 796 697 861 19
723 785 768 877 pol
793 789 833 857 de
857 780 932 878 ipra
953 791 1073 888 ’regola

85 882 601 974 1111111,1111111111106,
622 886 680 977 qui
694 885 812 956 habete
834 883 888 977 pal,
906 888 926 956 d
942 890 1072 972 pardem

83 981 216 1082 'reperim
259 978 315 1052 Ad
344 983 576 1054 antecedentia
605 985 710 1057 refert
735 988 853 1085 npdioc
875 995 947 1059 109.
967 1011 1015 1063 .v.
1030 993 1071 1056 21
1174 1067 1177 1072 Δ

81 1080 335 1185 0110111191
351 1085 382 1154 oi
397 1080 452 1160 ede
468 1081 573 1183 χεῖρές
588 1112 635 1172 us
650 1080 724 1184 arpde
742 1095 847 1161 109..··
1088 1083 1089 1090 ¹

84 1287 240 1356 modeste
273 1300 385 1357 tamen
413 1288 652 1358 addubitandi:
684 1287 846 1382 nunquid
871 1291 955 1367 (seu
972 1313 1070 1360 num

73 1387 200 1474 firi-te)
221 1410 306 1475 non,
328 1386 505 1476 scripsisse
525 1388 693 1458 videntur.
736 1387 943 1458 Idunvalct
963 1385 1006 1477 ,ud
1032 1389 1072 1460 de

87 1489 257 1552 comr'nate
277 1484 499 1554 antecedente
520 1492 577 1575 18,
598 1487 655 1556 ubi
676 1487 869 1556 affirmative
889 1485 1070 1574 responde·

84 1595 158 1652 tur:
184 1582 218 1650 in
246 1598 364 1654 nostro
394 1585 595 1676 interpretes
621 1584 1069 1676 pariterinterrogationem

80 1681 312 1752 affirmativam
331 1683 478 1772 reperire
493 1683 623 1774 solent,
646 1685 693 1756 ita
707 1684 935 1774 explicantes:
954 1704 1068 1758 nonne

80 1780 190 1851 Israel
206 1782 386 1872 cognovit,
406 1805 426 1852 a
440 1805 478 1854 se
494 1782 536 1852 ad
551 1783 695 1876 gentiles
711 1783 900 1853 doctrinam
915 1782 957 1852 de
971 1783 1068 1852 Mes·

80 1881 133 1950 sia
153 1881 347 1950 traductum
368 1883 434 1958 iri?
457 1883 546 1950 Tum
562 1883 713 1968 ordinem
727 1883 908 1952 verborum
924 1905 943 1950 a
959 1881 1000 1950 ol.
1018 1903 1066 1949 or.

81 1977 270 2062 exhibitam
290 1979 505 2069 praetulerim.
549 1985 596 2050 At
620 2003 698 2050 cum
721 1993 889 2050 commata
911 1991 950 2052 18
966 1993 1000 2050 et
1015 1989 1068 2068 19,

80 2101 152 2168 quar
171 2078 293 2148 iisdem
315 2080 445 2150 vorbis:
474 2079 558 2150 uad
581 2087 660 2166 adpo
686 2079 867 2168 inchoant,
897 2101 976 2148 cum
998 2080 1068 2153 illio
1107 2155 1110 2166 ,

78 2177 179 2262 dadin
209 2189 244 2245 et
271 2176 327 2271 hic
354 2181 502 2264 prodeatur
524 2180 589 2250 sibi
610 2178 853 2269 respondeant,
884 2191 1067 2268 utrumque

80 2288 198 2346 autern
221 2275 265 2344 ad
290 2278 443 2366 superius
465 2300 597 2347 comma
619 2281 660 2347 16
681 2300 719 2347 sc
740 2278 880 2366 referat,
911 2278 1068 2370 equidem

78 2373 114 2442 in
135 2373 191 2444 his
214 2375 347 2444 duobus
370 2376 654 2465 propositionibus
677 2375 845 2466 duplicem
863 2377 1001 2446 modum
1015 2377 1066 2446 vi·

79 2471 145 2541 deo
168 2473 381 2562 exponendi,
402 2497 464 2542 cur
483 2497 552 2543 non
570 2496 687 2546 omnes
702 2473 864 2544 obediant
878 2473 1066 2566 evangelio,

79 2572 245 2660 primum:
265 2572 418 2662 nunquid
431 2595 506 2652 non¹
516 2572 550 2642 id
565 2573 786 2658 audiverunt?
808 2574 876 2642 imo
890 2595 991 2663 vero,
1007 2571 1066 2640 de-

80 2669 178 2738 inde:
205 2692 253 2754 an,
271 2669 379 2748 Israel
401 2671 436 2740 id
463 2671 602 2762 (supple
624 2670 662 2744 vd
682 2675 855 2757 adamans
877 2693 921 2738 ex
944 2693 976 2737 v.
1000 2670 1064 2750 16)

79 2792 153 2838 non
180 2769 358 2862 cognovit,
384 2771 407 2839 i.
429 2793 459 2845 e.
490 2783 604 2840 mente
633 2782 668 2838 et
694 2769 760 2838 fide
790 2780 968 2839 assecutus
990 2775 1065 2843 esti

80 2867 163 2936 Non
186 2869 389 2958 cognovisse
414 2891 473 2939 eos
492 2881 526 2937 et
548 2870 588 2938 ab
612 2868 754 2938 ethnicis
775 2871 810 2938 in
826 2866 1064 2958 cognoscendo

79 2989 164 3034 vero
190 2979 368 3056 superatos
391 2989 486 3055 esse,
514 2967 793 3075 eprophetarum
816 2966 983 3036 vaticiniis
1007 2966 1066 3034 de-

76 3078 269 3154 monstrat,
291 3087 334 3134 ne
355 3066 555 3136 insolentior
576 3065 747 3154 videatur,
771 3066 802 3136 si
821 3066 894 3154 ipse
916 3089 980 3136 suo
1002 3090 1066 3134 no-
1134 3147 1137 3155 .
1186 3102 1189 3109 ·

76 3166 171 3232 mine
190 3165 382 3238 asseruerit.
421 3166 533 3258 Quam
549 3189 625 3236 cum
639 3166 950 3254 interpretationem
965 3164 1064 3232 unice

79 3267 259 3332 contextui
281 3264 646 3354 convenirearbitrer,
668 3265 794 3334 rectius
816 3267 861 3352 pul
882 3287 984 3334 sensu
1005 3285 1066 3332 ne-

76 3361 196 3453 gativo
219 3361 423 3450 accipietur,
444 3376 480 3432 et
500 3364 603 3440 dead
624 3366 782 3448 verbum,
804 3387 873 3432 non
896 3360 937 3432 ad
960 3363 1065 3429 inter-

76 3458 291 3551 rogationem
306 3463 486 3551 referctur3
506 3485 609 3552 quare
622 3461 804 3529 editionem
820 3459 1066 3529 occidentalem

77 3577 145 3649 ego
168 3580 247 3626 cum
264 3558 426 3647 Kustero,
449 3560 558 3630 Mittin
581 3573 614 3629 et
630 3560 762 3632 Griesb.
780 3561 898 3649 probo,
920 3559 1066 3628 classem

50 3716 51 3726 ,
77 3657 296 3742 orientalem,
314 3681 415 3748 quam
430 3660 587 3750 vulgares
603 3658 677 3728 libri
692 3659 846 3747 impressi
862 3669 1065 3747 sequuntur,

81 3775 129 3824 ex
144 3778 179 3824 v.
197 3764 235 3824 18
253 3755 485 3828 aberrantibus
503 3757 608 3826 oculis
624 3756 774 3824 ordinem
790 3754 996 3825 adulterasse
1012 3775 1066 3820 ra-

78 3866 145 3924 tus.
182 3853 285 3946 Quod
307 3855 349 3923 ad
371 3856 536 3924 rationem
558 3853 813 3948 grammaticam
835 3875 938 3940 supra
957 3874 1065 3940 expo-

79 3950 181 4018 sitam
214 3952 357 4038 attinet,
394 3955 554 4026 observes
586 3953 707 4041 velim,
740 3951 932 4020 iohannem
958 3955 997 4037 1,
1024 3959 1064 4026 29

78 4047 173 4140 udin
200 4071 227 4120 c.
252 4057 291 4139 9,
312 4052 355 4144 27
376 4054 420 4142 μή
437 4074 547 4146 111111
564 4049 743 4141 ,dubitandi
764 4071 925 4140 usurpare
931 4098 943 4137 ,
969 4069 1063 4122 more
