2608 4582
196 485 352 558 &sarae
383 481 484 554 obrlo
511 478 776 573 oompnrrerit,
804 477 1096 574 quemadmodum
1113 479 1194 574 ipse

196 583 240 658 acl
256 582 385 655 calcem
401 577 620 672 epistolarum
638 576 855 650 Paulinsrum
872 577 1092 650 subscribens
1118 581 1197 651 fas-

196 703 254 756 sus
275 693 329 751 est
355 682 408 762 (r.
427 676 583 750 Bibliotlu
602 675 796 748 (mirlinisn.
822 699 856 767 p.
880 677 990 761 262).
1010 741 1012 748 ,
1030 677 1198 750 Exstant

196 775 391 872 apographa
411 775 539 848 codicis
561 775 727 866 Enthelii,
749 797 824 868 quse
853 773 986 849 Griesb.
1016 775 1052 846 in
1075 777 1199 848 Paulo

194 877 344 950 numeris
372 879 415 946 lli
442 881 570 948 et109.
603 873 682 955 (bic
710 885 764 944 est
791 884 912 944 noster
938 871 1014 944 cod.
1042 873 1164 944 Marc.
1174 879 1199 958 )

195 975 374 1065 distinxit,
406 994 517 1066 eaque
545 993 626 1043 rere
652 972 741 1044 inter
767 969 897 1042 classes
926 971 1132 1042 orientalem
1156 987 1201 1044 et
1301 1006 1302 1027 ι

197 1070 442 1145 occidentalem
456 1069 604 1141 medium
617 1081 744 1162 tenent,
757 1068 860 1139 modo
878 1083 1007 1161 sparte
1022 1070 1199 1142 codicum

196 1170 381 1244 uncialiunr
407 1170 510 1241 modo
538 1170 580 1240 ab
609 1168 716 1240 alters
740 1180 882 1245 stantes.
922 1168 1045 1261 Neque
1065 1180 1196 1240 tamen

196 1267 375 1342 consilium
389 1281 505 1340 textus
522 1265 724 1338 emendandi
743 1287 790 1338 ex
810 1287 877 1338 usu
897 1264 1026 1336 codicis
1041 1264 1195 1338 diverse

194 1381 325 1442 naturae
346 1379 503 1459 apperet3
525 1364 590 1438 sed
611 1377 742 1436 tantum
762 1365 893 1436 variam
911 1361 1096 1434 lectionem
1117 1387 1194 1436 ex.

197 1465 376 1558 scripsisse
397 1463 531 1534 videtur
550 1461 748 1552 Entbalius,
773 1461 883 1553 unde,
908 1473 947 1532 ut
966 1463 1055 1533 forte
1076 1485 1189 1536 casus

195 1567 347 1654 ferebat,
375 1561 564 1655 posteriora
590 1559 783 1652 apographa
809 1559 866 1632 vel
884 1572 1018 1632 tentuun
1038 1559 1192 1633 alexan-
1301 1617 1303 1646 ,

195 1666 331 1738 drinum
346 1671 576 1750 reservarunt,
596 1657 652 1728 vel
672 1656 838 1732 lectiones
855 1660 1025 1731 variantes
1038 1659 1073 1730 in
1088 1659 1188 1732 illius

194 1765 309 1836 locum
329 1762 547 1833 suffecerunt.

257 1863 409 1951 Utraque
436 1857 593 1928 codicum
623 1855 742 1930 classis
767 1857 1018 1930 sssbdiritiones
1037 1877 1099 1928 seu
1110 1858 1186 1944 sa·

195 1961 316 2034 miliar
335 1956 451 2045 habet,
472 1974 612 2045 quarum
633 1955 669 2025 in
690 1955 844 2028 orientali
866 1953 1186 2049 quidemaeriticis

194 2059 307 2132 minus
333 2055 422 2126 ratio
453 2053 568 2125 habita
582 2065 658 2143 est,
687 2055 731 2126 ob
752 2075 828 2126 eetn
845 2055 992 2126 fortasse
1014 2075 1159 2128 causam
1171 2104 1186 2145 ,
1302 2087 1303 2094 ¹

195 2155 289 2252 qerod
317 2153 395 2224 libri
423 2152 525 2235 buius
554 2150 672 2224 classis
700 2175 824 2246 magna
852 2175 898 2224 ex
924 2165 1020 2244 parte
1041 2155 1186 2226 nonnisi
1291 2200 1296 2211 ·

194 2258 385 2345 interrupte
397 2251 510 2322 collati
522 2265 656 2342 essent,
670 2254 816 2324 fortasse
828 2253 948 2342 etiam,
962 2252 1184 2342 quodminus

195 2365 393 2424 constanter
403 2349 437 2420 in
449 2347 600 2420 diversas
611 2363 725 2441 partes
741 2353 872 2424 abeant
903 2349 1103 2424 Sedefonte
1118 2375 1184 2423 oo·
1285 2386 1292 2407 ·

196 2448 357 2520 cidentali
371 2459 464 2522 certe
475 2448 542 2518 duo
556 2449 655 2519 rivuli
665 2464 839 2521 emanant:
859 2473 937 2522 cum
951 2456 1130 2541 africanus
1141 2455 1184 2526 in
1284 2478 1292 2533 ι

194 2547 399 2622 membranis
414 2548 622 2633 nsonulgo
632 2547 871 2620 alexandrinus
883 2549 1185 2646 dictus>‚quibus-
1283 2550 1290 2647 ξ

196 2671 274 2720 cum
297 2659 409 2736 patres
423 2657 457 2714 et
466 2646 664 2736 interpretes
678 2649 815 2740 egyptii
827 2649 940 2720 lacere
954 2650 1084 2742 solent,
1105 2664 1185 2726 ιιιιιι

194 2752 324 2816 latinm
352 2742 476 2828 (uulgo
508 2743 727 2816 occidentalis
754 2754 992 2839 nuncupatus)
1021 2752 1058 2820 in
1078 2751 1183 2826 codd.
1282 2740 1291 2891 l

195 2867 218 2913 o
231 2862 335 2930 nro,
367 2841 424 2933 qui
451 2864 530 2912 oum
558 2843 741 2935 interprete
763 2845 1097 2934 antehierouymisnc
1117 2869 1186 2941 pa·
1287 2904 1293 2921 .

196 2942 371 3033 tribusque
391 2939 505 3010 latinis
527 2945 695 3032 praecipue
714 2945 910 3016 concinunt.
940 2946 1013 3026 (Gi.
1028 2967 1059 3015 e.
1073 2971 1186 3041 gma-
1285 2924 1293 3021 l

194 3041 246 3112 na
266 3038 368 3110 locuto
389 3036 479 3130 apuu
501 3039 634 3110 cnon.
659 3041 839 3111 econnu.
862 3046 932 3134 ιι,
960 3043 1074 3137 itique
1095 3069 1186 3138 pm.
1288 3028 1293 3053 '

194 3143 314 3212 sertim
328 3135 545 3226 transpositio
560 3136 805 3208 versiculorum
818 3143 869 3210 3⁴.
885 3155 919 3212 et
932 3147 984 3214 st.
998 3141 1185 3236 incure,

195 3237 414 3310 translatione
436 3235 528 3308 Itala
553 3249 588 3308 et
612 3238 878 3310 Ambrosiastro·
895 3241 1030 3325 obvia.)
1068 3242 1185 3312 Inter-

195 3339 276 3408 dum
292 3337 429 3428 quoque
443 3334 519 3404 libri
540 3333 672 3406 familia
696 3337 851 3408 africana
867 3337 911 3408 ad
924 3340 1183 3412 translationem

193 3437 334 3510 latinam
357 3435 606 3505 accommodati
638 3435 806 3519 videntur,
828 3460 1026 3530 quanquam
1055 3461 1075 3509 e
1103 3437 1181 3510 solo
1290 3508 1295 3517 ,

196 3555 369 3606 consensu
398 3531 515 3604 classis
544 3533 764 3607 occidentalis
795 3559 874 3606 cum
893 3540 1030 3622 uulgata
1050 3557 1180 3630 nequa-
1296 3533 1297 3558 l

196 3655 316 3726 quam,
348 3642 387 3699 ut
414 3629 616 3719 quibusdam
651 3631 843 3725 videbatur,
873 3633 1179 3708 conformationem

195 3730 352 3807 ,codicum
390 3726 490 3817 quasi
526 3728 773 3802 latinizantium
811 3733 854 3803 ad
874 3733 1053 3826 Vulgatam
1081 3733 1177 3804 colli-

194 3849 274 3912 gere
289 3826 398 3894 liceat.
427 3823 515 3894 Cum
530 3839 642 3896 autem
658 3850 687 3898 e.
699 3853 733 3922 g.
748 3829 821 3901 Col.
837 3841 875 3920 2,
890 3840 940 3902 10.
954 3832 1178 3904 libriaoure

194 3926 263 3994 uni
291 3946 368 4014 cum
396 3921 582 4011 exemplari
608 3925 710 3999 latine
736 3933 826 3999 facto
854 3931 1177 4021 Sangermanensio'

194 4043 270 4115 (pro
291 4021 339 4099 is)
361 4029 440 4093 iores
457 4026 475 4094 t
495 4023 625 4112 repetii,
653 4027 895 4114 cumibidemc.
910 4037 944 4118 3,
966 4033 1016 4099 tt.
1039 4049 1176 4100 sucro

196 4143 274 4190 cum
309 4114 479 4198 Clemente
511 4123 730 4196 alexandrino
763 4139 797 4196 et
817 4126 1054 4216 interpretibus
1088 4126 1175 4200 Italo
